%% This BibTeX bibliography file was created using BibDesk.
%% http://bibdesk.sourceforge.net/


%% Created for rockysui at 2013-02-05 20:54:37 +1100 


%% Saved with string encoding Unicode (UTF-8) 



@article{Milanova:2005,
	Address = {New York, NY, USA},
	Author = {Milanova, Ana and Rountev, Atanas and Ryder, Barbara G.},
	Date-Added = {2013-02-05 20:54:21 +1100},
	Date-Modified = {2013-02-05 20:54:21 +1100},
	Doi = {http://doi.acm.org/10.1145/1044834.1044835},
	Issn = {1049-331X},
	Journal = {ACM Trans. Softw. Eng. Methodol.},
	Number = {1},
	Pages = {1--41},
	Publisher = {ACM},
	Title = {Parameterized object sensitivity for points-to analysis for Java},
	Volume = {14},
	Year = {2005},
	Bdsk-File-1 = {YnBsaXN0MDDUAQIDBAUIJidUJHRvcFgkb2JqZWN0c1gkdmVyc2lvblkkYXJjaGl2ZXLRBgdUcm9vdIABqAkKFRYXGyIjVSRudWxs0wsMDQ4RFFpOUy5vYmplY3RzV05TLmtleXNWJGNsYXNzog8QgASABqISE4ACgAOAB1lhbGlhc0RhdGFccmVsYXRpdmVQYXRo0hgNGRpXTlMuZGF0YU8RAqgAAAAAAqgAAgAADE1hY2ludG9zaCBIRAAAAAAAAAAAAAAAAAAAAMcsaM9IKwAAAB3C5h9QYXJhbWV0ZXJpemVkIG9iamVjdCMxREMyRDUucGRmAAAAAAAAAAAAAAAAAAAAAAAAAAAAAAAAAAAAAAAAAAAAHcLVx+qRRwAAAAAAAAAAAAIAAwAACSAAAAAAAAAAAAAAAAAAAAAeY29udGV4dCBhbmQgb2JqZWN0IHNlbnNpdGl2aXR5ABAACAAAxyvOHwAAABEACAAAx+oEpwAAAAEAFAAdwuYAGpEiAAgIfAAICG8AAJGNAAIAcU1hY2ludG9zaCBIRDpVc2Vyczpyb2NreXN1aTpEb2N1bWVudHM6cGFwZXJfcmV2aWV3OmNvbnRleHQgYW5kIG9iamVjdCBzZW5zaXRpdml0eTpQYXJhbWV0ZXJpemVkIG9iamVjdCMxREMyRDUucGRmAAAOAIoARABQAGEAcgBhAG0AZQB0AGUAcgBpAHoAZQBkACAAbwBiAGoAZQBjAHQAIABzAGUAbgBzAGkAdABpAHYAaQB0AHkAIABmAG8AcgAgAHAAbwBpAG4AdABzAC0AdABvACAAYQBuAGEAbAB5AHMAaQBzACAAZgBvAHIAIABKAGEAdgBhAC4AcABkAGYADwAaAAwATQBhAGMAaQBuAHQAbwBzAGgAIABIAEQAEgCJVXNlcnMvcm9ja3lzdWkvRG9jdW1lbnRzL3BhcGVyX3Jldmlldy9jb250ZXh0IGFuZCBvYmplY3Qgc2Vuc2l0aXZpdHkvUGFyYW1ldGVyaXplZCBvYmplY3Qgc2Vuc2l0aXZpdHkgZm9yIHBvaW50cy10byBhbmFseXNpcyBmb3IgSmF2YS5wZGYAABMAAS8AABUAAgAP//8AAIAF0hwdHh9YJGNsYXNzZXNaJGNsYXNzbmFtZaMfICFdTlNNdXRhYmxlRGF0YVZOU0RhdGFYTlNPYmplY3RfEHYuLi8uLi9wYXBlcl9yZXZpZXcvY29udGV4dCBhbmQgb2JqZWN0IHNlbnNpdGl2aXR5L1BhcmFtZXRlcml6ZWQgb2JqZWN0IHNlbnNpdGl2aXR5IGZvciBwb2ludHMtdG8gYW5hbHlzaXMgZm9yIEphdmEucGRm0hwdJCWiJSFcTlNEaWN0aW9uYXJ5EgABhqBfEA9OU0tleWVkQXJjaGl2ZXIACAARABYAHwAoADIANQA6ADwARQBLAFIAXQBlAGwAbwBxAHMAdgB4AHoAfACGAJMAmACgA0wDTgNTA1wDZwNrA3kDgAOJBAIEBwQKBBcEHAAAAAAAAAIBAAAAAAAAACgAAAAAAAAAAAAAAAAAAAQu}}

@article{xie2007saturn,
	Author = {Xie, Y. and Aiken, A.},
	Date-Added = {2013-02-02 17:11:23 +1100},
	Date-Modified = {2013-02-02 17:11:43 +1100},
	Journal = {TOPLAS '07},
	Number = {3},
	Pages = {16},
	Title = {Saturn: A scalable framework for error detection using boolean satisfiability},
	Volume = {29}}

@inproceedings{oh2012design,
	Author = {Oh, H. and Heo, K. and Lee, W. and Lee, W. and Yi, K.},
	Booktitle = {PLDI '12},
	Date-Added = {2013-01-24 20:02:19 +1100},
	Date-Modified = {2013-01-24 20:02:55 +1100},
	Pages = {229--238},
	Title = {Design and implementation of sparse global analyses for C-like languages}}

@article{andersen1994program,
	Author = {Andersen, L.O.},
	Date-Added = {2013-01-20 16:57:37 +1100},
	Date-Modified = {2013-01-20 16:57:37 +1100},
	Publisher = {Citeseer},
	Title = {{Program analysis and specialization for the C programming language}},
	Year = {1994},
	Bdsk-File-1 = {YnBsaXN0MDDUAQIDBAUIJidUJHRvcFgkb2JqZWN0c1gkdmVyc2lvblkkYXJjaGl2ZXLRBgdUcm9vdIABqAkKFRYXGyIjVSRudWxs0wsMDQ4RFFpOUy5vYmplY3RzV05TLmtleXNWJGNsYXNzog8QgASABqISE4ACgAOAB1lhbGlhc0RhdGFccmVsYXRpdmVQYXRo0hgNGRpXTlMuZGF0YU8RAm4AAAAAAm4AAgAADE1hY2ludG9zaCBIRAAAAAAAAAAAAAAAAAAAAMcsaM9IKwAAACJzbR9Qcm9ncmFtIEFuYWx5c2lzIGFuZCMyMjczMkMucGRmAAAAAAAAAAAAAAAAAAAAAAAAAAAAAAAAAAAAAAAAAAAAInMsx+3qOwAAAAAAAAAAAAIAAwAACSAAAAAAAAAAAAAAAAAAAAAJUG9pbnRzLXRvAAAQAAgAAMcrzh8AAAARAAgAAMftXZsAAAABABQAInNtABqRIgAICHwACAhvAACRjQACAFxNYWNpbnRvc2ggSEQ6VXNlcnM6cm9ja3lzdWk6RG9jdW1lbnRzOnBhcGVyX3JldmlldzpQb2ludHMtdG86UHJvZ3JhbSBBbmFseXNpcyBhbmQjMjI3MzJDLnBkZgAOAI4ARgBQAHIAbwBnAHIAYQBtACAAQQBuAGEAbAB5AHMAaQBzACAAYQBuAGQAIABTAHAAZQBjAGkAYQBsAGkAegBhAHQAaQBvAG4AIABmAG8AcgAgAHQAaABlACAAQwAgAFAAcgBvAGcAcgBhAG0AbQBpAG4AZwAgAEwAYQBuAGcAdQBhAGcAZQAuAHAAZABmAA8AGgAMAE0AYQBjAGkAbgB0AG8AcwBoACAASABEABIAdlVzZXJzL3JvY2t5c3VpL0RvY3VtZW50cy9wYXBlcl9yZXZpZXcvUG9pbnRzLXRvL1Byb2dyYW0gQW5hbHlzaXMgYW5kIFNwZWNpYWxpemF0aW9uIGZvciB0aGUgQyBQcm9ncmFtbWluZyBMYW5ndWFnZS5wZGYAEwABLwAAFQACAA///wAAgAXSHB0eH1gkY2xhc3Nlc1okY2xhc3NuYW1lox8gIV1OU011dGFibGVEYXRhVk5TRGF0YVhOU09iamVjdF8QYy4uLy4uL3BhcGVyX3Jldmlldy9Qb2ludHMtdG8vUHJvZ3JhbSBBbmFseXNpcyBhbmQgU3BlY2lhbGl6YXRpb24gZm9yIHRoZSBDIFByb2dyYW1taW5nIExhbmd1YWdlLnBkZtIcHSQloiUhXE5TRGljdGlvbmFyeRIAAYagXxAPTlNLZXllZEFyY2hpdmVyAAgAEQAWAB8AKAAyADUAOgA8AEUASwBSAF0AZQBsAG8AcQBzAHYAeAB6AHwAhgCTAJgAoAMSAxQDGQMiAy0DMQM/A0YDTwO1A7oDvQPKA88AAAAAAAACAQAAAAAAAAAoAAAAAAAAAAAAAAAAAAAD4Q==}}

@conference{steensgaard1996points,
	Author = {Steensgaard, B.},
	Booktitle = {Proceedings of the 23rd ACM SIGPLAN-SIGACT symposium on Principles of programming languages},
	Date-Added = {2013-01-20 16:57:24 +1100},
	Date-Modified = {2013-01-20 16:57:24 +1100},
	Organization = {ACM New York, NY, USA},
	Pages = {32--41},
	Title = {{Points-to analysis in almost linear time}},
	Year = {1996},
	Bdsk-File-1 = {YnBsaXN0MDDUAQIDBAUIJidUJHRvcFgkb2JqZWN0c1gkdmVyc2lvblkkYXJjaGl2ZXLRBgdUcm9vdIABqAkKFRYXGyIjVSRudWxs0wsMDQ4RFFpOUy5vYmplY3RzV05TLmtleXNWJGNsYXNzog8QgASABqISE4ACgAOAB1lhbGlhc0RhdGFccmVsYXRpdmVQYXRo0hgNGRpXTlMuZGF0YU8RAj4AAAAAAj4AAgAADE1hY2ludG9zaCBIRAAAAAAAAAAAAAAAAAAAAMcsaM9IKwAAAEeHex9Qb2ludHMtdG8gQW5hbHlzaXMgaSMyMjcyRTIucGRmAAAAAAAAAAAAAAAAAAAAAAAAAAAAAAAAAAAAAAAAAAAAInLix+3pugAAAAAAAAAAAAIABAAACSAAAAAAAAAAAAAAAAAAAAALc3RlZW5zZ2FhcmQAABAACAAAxyvOHwAAABEACAAAx+1dGgAAAAEAGABHh3sAInNtABqRIgAICHwACAhvAACRjQACAGhNYWNpbnRvc2ggSEQ6VXNlcnM6cm9ja3lzdWk6RG9jdW1lbnRzOnBhcGVyX3JldmlldzpQb2ludHMtdG86c3RlZW5zZ2FhcmQ6UG9pbnRzLXRvIEFuYWx5c2lzIGkjMjI3MkUyLnBkZgAOAFoALABQAG8AaQBuAHQAcwAtAHQAbwAgAEEAbgBhAGwAeQBzAGkAcwAgAGkAbgAgAEEAbABtAG8AcwB0ACAATABpAG4AZQBhAHIAIABUAGkAbQBlAC4AcABkAGYADwAaAAwATQBhAGMAaQBuAHQAbwBzAGgAIABIAEQAEgBoVXNlcnMvcm9ja3lzdWkvRG9jdW1lbnRzL3BhcGVyX3Jldmlldy9Qb2ludHMtdG8vc3RlZW5zZ2FhcmQvUG9pbnRzLXRvIEFuYWx5c2lzIGluIEFsbW9zdCBMaW5lYXIgVGltZS5wZGYAEwABLwAAFQACAA///wAAgAXSHB0eH1gkY2xhc3Nlc1okY2xhc3NuYW1lox8gIV1OU011dGFibGVEYXRhVk5TRGF0YVhOU09iamVjdF8QVS4uLy4uL3BhcGVyX3Jldmlldy9Qb2ludHMtdG8vc3RlZW5zZ2FhcmQvUG9pbnRzLXRvIEFuYWx5c2lzIGluIEFsbW9zdCBMaW5lYXIgVGltZS5wZGbSHB0kJaIlIVxOU0RpY3Rpb25hcnkSAAGGoF8QD05TS2V5ZWRBcmNoaXZlcgAIABEAFgAfACgAMgA1ADoAPABFAEsAUgBdAGUAbABvAHEAcwB2AHgAegB8AIYAkwCYAKAC4gLkAukC8gL9AwEDDwMWAx8DdwN8A38DjAORAAAAAAAAAgEAAAAAAAAAKAAAAAAAAAAAAAAAAAAAA6M=},
	Bdsk-File-2 = {YnBsaXN0MDDUAQIDBAUIJidUJHRvcFgkb2JqZWN0c1gkdmVyc2lvblkkYXJjaGl2ZXLRBgdUcm9vdIABqAkKFRYXGyIjVSRudWxs0wsMDQ4RFFpOUy5vYmplY3RzV05TLmtleXNWJGNsYXNzog8QgASABqISE4ACgAOAB1lhbGlhc0RhdGFccmVsYXRpdmVQYXRo0hgNGRpXTlMuZGF0YU8RAcwAAAAAAcwAAgAADE1hY2ludG9zaCBIRAAAAAAAAAAAAAAAAAAAAMcsaM9IKwAAAEeHewxwb2ludHN0by5wcHQAAAAAAAAAAAAAAAAAAAAAAAAAAAAAAAAAAAAAAAAAAAAAAAAAAAAAAAAAAAAAAAAAAAAAR4KQyFKEaFNMRDhQUFQzAAIABAAACSAAAAAAAAAAAAAAAAAAAAALc3RlZW5zZ2FhcmQAABAACAAAxyvOHwAAABEACAAAyFH3yAAAAAEAGABHh3sAInNtABqRIgAICHwACAhvAACRjQACAFVNYWNpbnRvc2ggSEQ6VXNlcnM6cm9ja3lzdWk6RG9jdW1lbnRzOnBhcGVyX3JldmlldzpQb2ludHMtdG86c3RlZW5zZ2FhcmQ6cG9pbnRzdG8ucHB0AAAOABoADABwAG8AaQBuAHQAcwB0AG8ALgBwAHAAdAAPABoADABNAGEAYwBpAG4AdABvAHMAaAAgAEgARAASAEhVc2Vycy9yb2NreXN1aS9Eb2N1bWVudHMvcGFwZXJfcmV2aWV3L1BvaW50cy10by9zdGVlbnNnYWFyZC9wb2ludHN0by5wcHQAEwABLwAAFQACAA///wAAgAXSHB0eH1gkY2xhc3Nlc1okY2xhc3NuYW1lox8gIV1OU011dGFibGVEYXRhVk5TRGF0YVhOU09iamVjdF8QNS4uLy4uL3BhcGVyX3Jldmlldy9Qb2ludHMtdG8vc3RlZW5zZ2FhcmQvcG9pbnRzdG8ucHB00hwdJCWiJSFcTlNEaWN0aW9uYXJ5EgABhqBfEA9OU0tleWVkQXJjaGl2ZXIACAARABYAHwAoADIANQA6ADwARQBLAFIAXQBlAGwAbwBxAHMAdgB4AHoAfACGAJMAmACgAnACcgJ3AoACiwKPAp0CpAKtAuUC6gLtAvoC/wAAAAAAAAIBAAAAAAAAACgAAAAAAAAAAAAAAAAAAAMR}}

@inproceedings{De:2012,
	Author = {De, Arnab and D'Souza, Deepak},
	Booktitle = {ECOOP '12},
	Date-Added = {2013-01-20 12:46:13 +1100},
	Date-Modified = {2013-01-20 12:46:49 +1100},
	Pages = {665--687},
	Title = {Scalable flow-sensitive pointer analysis for java with strong updates},
	Bdsk-Url-1 = {http://dx.doi.org/10.1007/978-3-642-31057-7_29}}

@inproceedings{le2008marple,
	Author = {Le, W. and Soffa, M.L.},
	Booktitle = {FSE '08},
	Date-Added = {2013-01-20 12:37:32 +1100},
	Date-Modified = {2013-01-20 12:37:41 +1100},
	Pages = {272--282},
	Title = {Marple: a demand-driven path-sensitive buffer overflow detector}}

@conference{strongupdate,
	Author = {Ondˇrej Lhota ́kKwok-Chiang Andrew Chung},
	Booktitle = {POPL '11},
	Date-Added = {2013-01-19 15:20:17 +1100},
	Date-Modified = {2013-01-19 15:20:17 +1100},
	Title = {Points-To Analysis with Efficient Strong Updates},
	Bdsk-File-1 = {YnBsaXN0MDDUAQIDBAUIJidUJHRvcFgkb2JqZWN0c1gkdmVyc2lvblkkYXJjaGl2ZXLRBgdUcm9vdIABqAkKFRYXGyIjVSRudWxs0wsMDQ4RFFpOUy5vYmplY3RzV05TLmtleXNWJGNsYXNzog8QgASABqISE4ACgAOAB1lhbGlhc0RhdGFccmVsYXRpdmVQYXRo0hgNGRpXTlMuZGF0YU8RAXIAAAAAAXIAAgAADE1hY2ludG9zaCBIRAAAAAAAAAAAAAAAAAAAAMcsaM9IKwAAABwuKA1wMy1saG90YWsucGRmAAAAAAAAAAAAAAAAAAAAAAAAAAAAAAAAAAAAAAAAAAAAAAAAAAAAAAAAAAAAAAAAAAABK11tya/TkAAAAAAAAAAAAAMAAgAACSAAAAAAAAAAAAAAAAAAAAAGLlRyYXNoABAACAAAxyvOHwAAABEACAAAya844AAAAAEADAAcLigACAhvAACRjQACADBNYWNpbnRvc2ggSEQ6VXNlcnM6cm9ja3lzdWk6LlRyYXNoOnAzLWxob3Rhay5wZGYADgAcAA0AcAAzAC0AbABoAG8AdABhAGsALgBwAGQAZgAPABoADABNAGEAYwBpAG4AdABvAHMAaAAgAEgARAASACNVc2Vycy9yb2NreXN1aS8uVHJhc2gvcDMtbGhvdGFrLnBkZgAAEwABLwAAFQACAA///wAAgAXSHB0eH1gkY2xhc3Nlc1okY2xhc3NuYW1lox8gIV1OU011dGFibGVEYXRhVk5TRGF0YVhOU09iamVjdF8QHS4uLy4uLy4uLy5UcmFzaC9wMy1saG90YWsucGRm0hwdJCWiJSFcTlNEaWN0aW9uYXJ5EgABhqBfEA9OU0tleWVkQXJjaGl2ZXIACAARABYAHwAoADIANQA6ADwARQBLAFIAXQBlAGwAbwBxAHMAdgB4AHoAfACGAJMAmACgAhYCGAIdAiYCMQI1AkMCSgJTAnMCeAJ7AogCjQAAAAAAAAIBAAAAAAAAACgAAAAAAAAAAAAAAAAAAAKf}}

@inproceedings{Livshits03,
	Author = {Livshits, V. Benjamin and Lam, Monica S.},
	Booktitle = {FSE'03},
	Date-Added = {2013-01-17 20:27:58 +1100},
	Date-Modified = {2013-01-17 20:27:58 +1100},
	Pages = {317--326},
	Title = {Tracking pointers with path and context sensitivity for bug detection in C programs},
	Year = {2003}}

@inproceedings{smaragdakispick,
	Author = {Smaragdakis, Yannis and Bravenboer, Martin and Lhot\'{a}k, Ondrej},
	Booktitle = {POPL'11},
	Date-Added = {2013-01-17 20:27:23 +1100},
	Date-Modified = {2013-01-17 20:27:23 +1100},
	Pages = {17--30},
	Publisher = {ACM},
	Title = {Pick your contexts well: understanding object-sensitivity},
	Year = {2011}}

@inproceedings{Le2007,
	Author = {Le, Wei and Soffa, Mary Lou},
	Booktitle = {PASTE'07},
	Date-Added = {2013-01-17 20:27:23 +1100},
	Date-Modified = {2013-01-17 20:27:23 +1100},
	Pages = {63--68},
	Publisher = {ACM},
	Title = {Refining buffer overflow detection via demand-driven path-sensitive analysis},
	Year = {2007}}

@article{xie2005scalable,
	Author = {Xie, Y. and Aiken, A.},
	Date-Added = {2013-01-17 20:27:23 +1100},
	Date-Modified = {2013-01-17 20:27:23 +1100},
	Issn = {0362-1340},
	Journal = {POPL'05},
	Number = {1},
	Pages = {351--363},
	Publisher = {ACM},
	Title = {{Scalable error detection using boolean satisfiability}},
	Volume = {40},
	Year = {2005}}

@conference{dillig2008sound,
	Author = {Dillig, I. and Dillig, T. and Aiken, A.},
	Booktitle = {PLDI'08},
	Date-Added = {2013-01-17 20:27:23 +1100},
	Date-Modified = {2013-01-17 20:27:23 +1100},
	Organization = {ACM},
	Pages = {270--280},
	Title = {{Sound, complete and scalable path-sensitive analysis}},
	Year = {2008}}

@article{cytron1991efficiently,
	Author = {Cytron, R. and Ferrante, J. and Rosen, B.K. and Wegman, M.N. and Zadeck, F.K.},
	Date-Added = {2013-01-17 20:26:17 +1100},
	Date-Modified = {2013-01-17 20:26:17 +1100},
	Journal = {TOPLAS'91},
	Number = {4},
	Pages = {490},
	Publisher = {ACM},
	Title = {{Efficiently computing static single assignment form and the control dependence graph}},
	Volume = {13},
	Year = {1991}}

@article{dillig2010fluid,
	Author = {Dillig, I. and Dillig, T. and Aiken, A.},
	Date-Added = {2013-01-17 20:26:17 +1100},
	Date-Modified = {2013-01-17 20:26:17 +1100},
	Journal = {Programming Languages and Systems},
	Pages = {246--266},
	Publisher = {Springer},
	Title = {Fluid updates: Beyond strong vs. weak updates},
	Year = {2010}}

@article{Landi92,
	Author = {Landi, William and Ryder, Barbara G.},
	Date-Added = {2013-01-17 20:25:18 +1100},
	Date-Modified = {2013-01-17 20:25:18 +1100},
	Journal = {PLDI'92},
	Number = {7},
	Pages = {235--248},
	Publisher = {ACM},
	Title = {A safe approximate algorithm for interprocedural aliasing},
	Volume = {27},
	Year = {1992}}

@conference{xie2003archer,
	Author = {Xie, Y. and Chou, A. and Engler, D.},
	Booktitle = {FSE'03},
	Date-Added = {2013-01-17 20:25:18 +1100},
	Date-Modified = {2013-01-17 20:25:18 +1100},
	Organization = {ACM},
	Pages = {327--336},
	Title = {{ARCHER}: using symbolic, path-sensitive analysis to detect memory access errors},
	Year = {2003}}

@inproceedings{Ball2001,
	Author = {Ball, Thomas and Rajamani, Sriram K.},
	Booktitle = {PASTE'01},
	Date-Added = {2013-01-17 20:25:18 +1100},
	Date-Modified = {2013-01-17 20:25:18 +1100},
	Pages = {97--103},
	Publisher = {ACM},
	Title = {Bebop: a path-sensitive interprocedural dataflow engine},
	Year = {2001}}

@article{xie2005context,
	Author = {Xie, Y. and Aiken, A.},
	Date-Added = {2013-01-17 20:25:18 +1100},
	Date-Modified = {2013-01-17 20:25:18 +1100},
	Journal = {FSE'05},
	Number = {5},
	Pages = {125},
	Publisher = {ACM},
	Title = {{Context-and path-sensitive memory leak detection}},
	Volume = {30},
	Year = {2005}}

@conference{chow1996effective,
	Author = {Chow, F. and Chan, S. and Liu, S. and Lo, R. and Streich, M.},
	Booktitle = {CC'96},
	Date-Added = {2013-01-17 20:25:18 +1100},
	Date-Modified = {2013-01-17 20:25:18 +1100},
	Pages = {253--267},
	Title = {{Effective representation of aliases and indirect memory operations in SSA form}},
	Year = {1996}}

@inproceedings{li2011boosting,
	Author = {Li, L. and Cifuentes, C. and Keynes, N.},
	Booktitle = {FSE '11},
	Date-Added = {2012-12-20 11:07:13 +1100},
	Date-Modified = {2012-12-20 11:07:43 +1100},
	Pages = {343--353},
	Title = {Boosting the performance of flow-sensitive points-to analysis using value flow}}

@phdthesis{lattner2005macroscopic,
	Author = {Lattner, C.A.},
	Date-Added = {2011-09-22 16:43:39 +1000},
	Date-Modified = {2011-09-22 16:43:39 +1000},
	School = {Citeseer},
	Title = {Macroscopic data structure analysis and optimization},
	Year = {2005}}

@inproceedings{lattner2005automatic,
	Author = {Lattner, C. and Adve, V.},
	Booktitle = {PLDI '05},
	Date-Added = {2011-09-22 16:42:41 +1000},
	Date-Modified = {2012-12-15 18:02:21 +1100},
	Pages = {129--142},
	Title = {Automatic pool allocation: improving performance by controlling data structure layout in the heap}}

@conference{xu2008merging,
	Author = {Xu, G. and Rountev, A.},
	Booktitle = {ISSTA '08},
	Pages = {225--236},
	Title = {Merging equivalent contexts for scalable heap-cloning-based context-sensitive points-to analysis}}

@inproceedings{dillig2011precise,
	Author = {Dillig, I. and Dillig, T. and Aiken, A. and Sagiv, M.},
	Booktitle = {PLDI '11},
	Date-Added = {2011-09-22 16:34:33 +1000},
	Date-Modified = {2012-12-15 17:50:09 +1100},
	Pages = {567--577},
	Title = {Precise and compact modular procedure summaries for heap manipulating programs},
	Bdsk-File-1 = {YnBsaXN0MDDUAQIDBAUIJidUJHRvcFgkb2JqZWN0c1gkdmVyc2lvblkkYXJjaGl2ZXLRBgdUcm9vdIABqAkKFRYXGyIjVSRudWxs0wsMDQ4RFFpOUy5vYmplY3RzV05TLmtleXNWJGNsYXNzog8QgASABqISE4ACgAOAB1lhbGlhc0RhdGFccmVsYXRpdmVQYXRo0hgNGRpXTlMuZGF0YU8RAq4AAAAAAq4AAgAADE1hY2ludG9zaCBIRAAAAAAAAAAAAAAAAAAAAMcsaM9IKwAAAD96Jx9QcmVjaXNlIGFuZCBDb21wYWN0IzI1RkYxOTUucGRmAAAAAAAAAAAAAAAAAAAAAAAAAAAAAAAAAAAAAAAAAAACX/GVymmuVgAAAAAAAAAAAAIAAwAACSAAAAAAAAAAAAAAAAAAAAASbWVtb3J5IGxlYWsgZGV0ZWN0ABAACAAAxyvOHwAAABEACAAAymkhtgAAAAEAFAA/eicAGpEiAAgIfAAICG8AAJGNAAIAZU1hY2ludG9zaCBIRDpVc2Vyczpyb2NreXN1aTpEb2N1bWVudHM6cGFwZXJfcmV2aWV3Om1lbW9yeSBsZWFrIGRldGVjdDpQcmVjaXNlIGFuZCBDb21wYWN0IzI1RkYxOTUucGRmAAAOAKYAUgBQAHIAZQBjAGkAcwBlACAAYQBuAGQAIABDAG8AbQBwAGEAYwB0ACAATQBvAGQAdQBsAGEAcgAgAFAAcgBvAGMAZQBkAHUAcgBlACAAUwB1AG0AbQBhAHIAaQBlAHMAIABmAG8AcgAgAEgAZQBhAHAAIABNAGEAbgBpAHAAdQBsAGEAdABpAG4AZwAgAFAAcgBvAGcAcgBhAG0AcwAuAHAAZABmAA8AGgAMAE0AYQBjAGkAbgB0AG8AcwBoACAASABEABIAi1VzZXJzL3JvY2t5c3VpL0RvY3VtZW50cy9wYXBlcl9yZXZpZXcvbWVtb3J5IGxlYWsgZGV0ZWN0L1ByZWNpc2UgYW5kIENvbXBhY3QgTW9kdWxhciBQcm9jZWR1cmUgU3VtbWFyaWVzIGZvciBIZWFwIE1hbmlwdWxhdGluZyBQcm9ncmFtcy5wZGYAABMAAS8AABUAAgAP//8AAIAF0hwdHh9YJGNsYXNzZXNaJGNsYXNzbmFtZaMfICFdTlNNdXRhYmxlRGF0YVZOU0RhdGFYTlNPYmplY3RfEHguLi8uLi9wYXBlcl9yZXZpZXcvbWVtb3J5IGxlYWsgZGV0ZWN0L1ByZWNpc2UgYW5kIENvbXBhY3QgTW9kdWxhciBQcm9jZWR1cmUgU3VtbWFyaWVzIGZvciBIZWFwIE1hbmlwdWxhdGluZyBQcm9ncmFtcy5wZGbSHB0kJaIlIVxOU0RpY3Rpb25hcnkSAAGGoF8QD05TS2V5ZWRBcmNoaXZlcgAIABEAFgAfACgAMgA1ADoAPABFAEsAUgBdAGUAbABvAHEAcwB2AHgAegB8AIYAkwCYAKADUgNUA1kDYgNtA3EDfwOGA48ECgQPBBIEHwQkAAAAAAAAAgEAAAAAAAAAKAAAAAAAAAAAAAAAAAAABDY=}}

@conference{hardekopf2009semi,
	Author = {Hardekopf, B. and Lin, C.},
	Booktitle = {POPL '09},
	Pages = {226--238},
	Title = {{Semi-sparse flow-sensitive pointer analysis}}}

@techreport{lattner2003data,
	Author = {Lattner, C. and Adve, V.},
	Date-Added = {2011-09-22 16:37:28 +1000},
	Date-Modified = {2011-09-22 16:37:28 +1000},
	Institution = {Citeseer},
	Title = {Data structure analysis: An efficient context-sensitive heap analysis},
	Year = {2003},
	Bdsk-File-1 = {YnBsaXN0MDDUAQIDBAUIJidUJHRvcFgkb2JqZWN0c1gkdmVyc2lvblkkYXJjaGl2ZXLRBgdUcm9vdIABqAkKFRYXGyIjVSRudWxs0wsMDQ4RFFpOUy5vYmplY3RzV05TLmtleXNWJGNsYXNzog8QgASABqISE4ACgAOAB1lhbGlhc0RhdGFccmVsYXRpdmVQYXRo0hgNGRpXTlMuZGF0YU8RAoQAAAAAAoQAAgAADE1hY2ludG9zaCBIRAAAAAAAAAAAAAAAAAAAAMcsaM9IKwAAArS9fB9EYXRhIFN0cnVjdHVyZSBBbmFsIzJCNEJFNzQucGRmAAAAAAAAAAAAAAAAAAAAAAAAAAAAAAAAAAAAAAAAAAACtL50yqEUdQAAAAAAAAAAAAIAAwAACSAAAAAAAAAAAAAAAAAAAAAOaGVhcCBzZW5zaXRpdmUAEAAIAADHK84fAAAAEQAIAADKoIfVAAAAAQAUArS9fAAakSIACAh8AAgIbwAAkY0AAgBhTWFjaW50b3NoIEhEOlVzZXJzOnJvY2t5c3VpOkRvY3VtZW50czpwYXBlcl9yZXZpZXc6aGVhcCBzZW5zaXRpdmU6RGF0YSBTdHJ1Y3R1cmUgQW5hbCMyQjRCRTc0LnBkZgAADgCSAEgARABhAHQAYQAgAFMAdAByAHUAYwB0AHUAcgBlACAAQQBuAGEAbAB5AHMAaQBzACAAQQBuACAARQBmAGYAaQBjAGkAZQBuAHQAIABDAG8AbgB0AGUAeAB0AC0AUwBlAG4AcwBpAHQAaQB2AGUAIABIAGUAYQBwACAAQQBuAGEAbAB5AHMAaQBzAC4AcABkAGYADwAaAAwATQBhAGMAaQBuAHQAbwBzAGgAIABIAEQAEgB9VXNlcnMvcm9ja3lzdWkvRG9jdW1lbnRzL3BhcGVyX3Jldmlldy9oZWFwIHNlbnNpdGl2ZS9EYXRhIFN0cnVjdHVyZSBBbmFseXNpcyBBbiBFZmZpY2llbnQgQ29udGV4dC1TZW5zaXRpdmUgSGVhcCBBbmFseXNpcy5wZGYAABMAAS8AABUAAgAP//8AAIAF0hwdHh9YJGNsYXNzZXNaJGNsYXNzbmFtZaMfICFdTlNNdXRhYmxlRGF0YVZOU0RhdGFYTlNPYmplY3RfEGouLi8uLi9wYXBlcl9yZXZpZXcvaGVhcCBzZW5zaXRpdmUvRGF0YSBTdHJ1Y3R1cmUgQW5hbHlzaXMgQW4gRWZmaWNpZW50IENvbnRleHQtU2Vuc2l0aXZlIEhlYXAgQW5hbHlzaXMucGRm0hwdJCWiJSFcTlNEaWN0aW9uYXJ5EgABhqBfEA9OU0tleWVkQXJjaGl2ZXIACAARABYAHwAoADIANQA6ADwARQBLAFIAXQBlAGwAbwBxAHMAdgB4AHoAfACGAJMAmACgAygDKgMvAzgDQwNHA1UDXANlA9ID1wPaA+cD7AAAAAAAAAIBAAAAAAAAACgAAAAAAAAAAAAAAAAAAAP+}}

@inproceedings{DSA:PLDI07,
	Author = {Chris Lattner and Andrew Lenharth and Vikram Adve},
	Booktitle = {{PLDI'07}},
	Date-Added = {2011-09-22 16:34:33 +1000},
	Date-Modified = {2012-12-15 17:51:39 +1100},
	Pages = {278--289},
	Title = {{Making Context-Sensitive Points-to Analysis with Heap Cloning Practical For The Real World}},
	Bdsk-File-1 = {YnBsaXN0MDDUAQIDBAUIJidUJHRvcFgkb2JqZWN0c1gkdmVyc2lvblkkYXJjaGl2ZXLRBgdUcm9vdIABqAkKFRYXGyIjVSRudWxs0wsMDQ4RFFpOUy5vYmplY3RzV05TLmtleXNWJGNsYXNzog8QgASABqISE4ACgAOAB1lhbGlhc0RhdGFccmVsYXRpdmVQYXRo0hgNGRpXTlMuZGF0YU8RAhgAAAAAAhgAAgAADE1hY2ludG9zaCBIRAAAAAAAAAAAAAAAAAAAAMcsaM9IKwAAArS9fB8yMDA3LTA2LTEwLVBMREktRFNBIzJCNEJGNzgucGRmAAAAAAAAAAAAAAAAAAAAAAAAAAAAAAAAAAAAAAAAAAACtL94yFIjrAAAAAAAAAAAAAIAAwAACSAAAAAAAAAAAAAAAAAAAAAOaGVhcCBzZW5zaXRpdmUAEAAIAADHK84fAAAAEQAIAADIUZcMAAAAAQAUArS9fAAakSIACAh8AAgIbwAAkY0AAgBhTWFjaW50b3NoIEhEOlVzZXJzOnJvY2t5c3VpOkRvY3VtZW50czpwYXBlcl9yZXZpZXc6aGVhcCBzZW5zaXRpdmU6MjAwNy0wNi0xMC1QTERJLURTQSMyQjRCRjc4LnBkZgAADgBKACQAMgAwADAANwAtADAANgAtADEAMAAtAFAATABEAEkALQBEAFMAQQAtAFAAcgBlAHMAZQBuAHQAYQB0AGkAbwBuAC4AcABkAGYADwAaAAwATQBhAGMAaQBuAHQAbwBzAGgAIABIAEQAEgBZVXNlcnMvcm9ja3lzdWkvRG9jdW1lbnRzL3BhcGVyX3Jldmlldy9oZWFwIHNlbnNpdGl2ZS8yMDA3LTA2LTEwLVBMREktRFNBLVByZXNlbnRhdGlvbi5wZGYAABMAAS8AABUAAgAP//8AAIAF0hwdHh9YJGNsYXNzZXNaJGNsYXNzbmFtZaMfICFdTlNNdXRhYmxlRGF0YVZOU0RhdGFYTlNPYmplY3RfEEYuLi8uLi9wYXBlcl9yZXZpZXcvaGVhcCBzZW5zaXRpdmUvMjAwNy0wNi0xMC1QTERJLURTQS1QcmVzZW50YXRpb24ucGRm0hwdJCWiJSFcTlNEaWN0aW9uYXJ5EgABhqBfEA9OU0tleWVkQXJjaGl2ZXIACAARABYAHwAoADIANQA6ADwARQBLAFIAXQBlAGwAbwBxAHMAdgB4AHoAfACGAJMAmACgArwCvgLDAswC1wLbAukC8AL5A0IDRwNKA1cDXAAAAAAAAAIBAAAAAAAAACgAAAAAAAAAAAAAAAAAAANu},
	Bdsk-File-2 = {YnBsaXN0MDDUAQIDBAUIJidUJHRvcFgkb2JqZWN0c1gkdmVyc2lvblkkYXJjaGl2ZXLRBgdUcm9vdIABqAkKFRYXGyIjVSRudWxs0wsMDQ4RFFpOUy5vYmplY3RzV05TLmtleXNWJGNsYXNzog8QgASABqISE4ACgAOAB1lhbGlhc0RhdGFccmVsYXRpdmVQYXRo0hgNGRpXTlMuZGF0YU8RAegAAAAAAegAAgAADE1hY2ludG9zaCBIRAAAAAAAAAAAAAAAAAAAAMcsaM9IKwAAArS9fBcyMDA3LTA2LTEwLVBMREktRFNBLnBkZgAAAAAAAAAAAAAAAAAAAAAAAAAAAAAAAAAAAAAAAAAAAAAAAAAAAAACtL93yFIjqgAAAAAAAAAAAAIAAwAACSAAAAAAAAAAAAAAAAAAAAAOaGVhcCBzZW5zaXRpdmUAEAAIAADHK84fAAAAEQAIAADIUZcKAAAAAQAUArS9fAAakSIACAh8AAgIbwAAkY0AAgBZTWFjaW50b3NoIEhEOlVzZXJzOnJvY2t5c3VpOkRvY3VtZW50czpwYXBlcl9yZXZpZXc6aGVhcCBzZW5zaXRpdmU6MjAwNy0wNi0xMC1QTERJLURTQS5wZGYAAA4AMAAXADIAMAAwADcALQAwADYALQAxADAALQBQAEwARABJAC0ARABTAEEALgBwAGQAZgAPABoADABNAGEAYwBpAG4AdABvAHMAaAAgAEgARAASAExVc2Vycy9yb2NreXN1aS9Eb2N1bWVudHMvcGFwZXJfcmV2aWV3L2hlYXAgc2Vuc2l0aXZlLzIwMDctMDYtMTAtUExESS1EU0EucGRmABMAAS8AABUAAgAP//8AAIAF0hwdHh9YJGNsYXNzZXNaJGNsYXNzbmFtZaMfICFdTlNNdXRhYmxlRGF0YVZOU0RhdGFYTlNPYmplY3RfEDkuLi8uLi9wYXBlcl9yZXZpZXcvaGVhcCBzZW5zaXRpdmUvMjAwNy0wNi0xMC1QTERJLURTQS5wZGbSHB0kJaIlIVxOU0RpY3Rpb25hcnkSAAGGoF8QD05TS2V5ZWRBcmNoaXZlcgAIABEAFgAfACgAMgA1ADoAPABFAEsAUgBdAGUAbABvAHEAcwB2AHgAegB8AIYAkwCYAKACjAKOApMCnAKnAqsCuQLAAskDBQMKAw0DGgMfAAAAAAAAAgEAAAAAAAAAKAAAAAAAAAAAAAAAAAAAAzE=}}

@inproceedings{Sui2012,
	Author = {Sui, Yulei and Ye, Ding and Xue, Jingling},
	Booktitle = {ISSTA '12},
	Date-Modified = {2012-12-20 11:11:37 +1100},
	Pages = {254--264},
	Title = {Static memory leak detection using full-sparse value-flow analysis},
	Year = {2012},
	Bdsk-File-1 = {YnBsaXN0MDDUAQIDBAUIJidUJHRvcFgkb2JqZWN0c1gkdmVyc2lvblkkYXJjaGl2ZXLRBgdUcm9vdIABqAkKFRYXGyIjVSRudWxs0wsMDQ4RFFpOUy5vYmplY3RzV05TLmtleXNWJGNsYXNzog8QgASABqISE4ACgAOAB1lhbGlhc0RhdGFccmVsYXRpdmVQYXRo0hgNGRpXTlMuZGF0YU8RAZ4AAAAAAZ4AAgAADE1hY2ludG9zaCBIRAAAAAAAAAAAAAAAAAAAAMcsaM9IKwAAABwuKBhjb3B5cmlnaHQtQ0dPMTMjSUQ5Mi5wZGYAAAAAAAAAAAAAAAAAAAAAAAAAAAAAAAAAAAAAAAAAAAAAAAAAAAAFLiw1zPeb/gAAAAAAAAAAAAMAAgAACSAAAAAAAAAAAAAAAAAAAAAGLlRyYXNoABAACAAAxyvOHwAAABEACAAAzPcBTgAAAAEADAAcLigACAhvAACRjQACADtNYWNpbnRvc2ggSEQ6VXNlcnM6cm9ja3lzdWk6LlRyYXNoOmNvcHlyaWdodC1DR08xMyNJRDkyLnBkZgAADgAyABgAYwBvAHAAeQByAGkAZwBoAHQALQBDAEcATwAxADMAIwBJAEQAOQAyAC4AcABkAGYADwAaAAwATQBhAGMAaQBuAHQAbwBzAGgAIABIAEQAEgAuVXNlcnMvcm9ja3lzdWkvLlRyYXNoL2NvcHlyaWdodC1DR08xMyNJRDkyLnBkZgATAAEvAAAVAAIAD///AACABdIcHR4fWCRjbGFzc2VzWiRjbGFzc25hbWWjHyAhXU5TTXV0YWJsZURhdGFWTlNEYXRhWE5TT2JqZWN0XxAoLi4vLi4vLi4vLlRyYXNoL2NvcHlyaWdodC1DR08xMyNJRDkyLnBkZtIcHSQloiUhXE5TRGljdGlvbmFyeRIAAYagXxAPTlNLZXllZEFyY2hpdmVyAAgAEQAWAB8AKAAyADUAOgA8AEUASwBSAF0AZQBsAG8AcQBzAHYAeAB6AHwAhgCTAJgAoAJCAkQCSQJSAl0CYQJvAnYCfwKqAq8CsgK/AsQAAAAAAAACAQAAAAAAAAAoAAAAAAAAAAAAAAAAAAAC1g==}}

@inproceedings{Blackshear2011,
	Acmid = {2041561},
	Address = {Berlin, Heidelberg},
	Author = {Blackshear, Sam and Chang, Bor-Yuh Evan and Sankaranarayanan, Sriram and Sridharan, Manu},
	Booktitle = {Proceedings of the 18th international conference on Static analysis},
	Isbn = {978-3-642-23701-0},
	Location = {Venice, Italy},
	Numpages = {17},
	Pages = {60--76},
	Publisher = {Springer-Verlag},
	Series = {SAS'11},
	Title = {The flow-insensitive precision of Andersen's analysis in practice},
	Url = {http://dl.acm.org/citation.cfm?id=2041552.2041561},
	Year = {2011},
	Bdsk-Url-1 = {http://dl.acm.org/citation.cfm?id=2041552.2041561}}

@inproceedings{hackett2005region,
	Author = {Hackett, B. and Rugina, R.},
	Booktitle = {POPL '05},
	Date-Added = {2012-12-19 12:09:54 +1100},
	Date-Modified = {2012-12-19 12:10:05 +1100},
	Number = {1},
	Pages = {310--323},
	Title = {Region-based shape analysis with tracked locations},
	Volume = {40}}

@inproceedings{chang2008relational,
	Author = {Chang, B.Y.E. and Rival, X.},
	Booktitle = {POPL '08},
	Date-Added = {2012-12-19 11:53:45 +1100},
	Date-Modified = {2012-12-19 11:53:58 +1100},
	Number = {1},
	Pages = {247--260},
	Title = {Relational inductive shape analysis},
	Volume = {43}}

@inproceedings{podelski2008heap,
	Author = {Podelski, A. and Rybalchenko, A. and Wies, T.},
	Booktitle = {CAV '08},
	Date-Added = {2012-12-19 11:51:42 +1100},
	Date-Modified = {2012-12-19 11:51:53 +1100},
	Pages = {314--327},
	Title = {Heap assumptions on demand}}

@article{rinetzky2005interprocedural,
	Author = {Rinetzky, N. and Sagiv, M. and Yahav, E.},
	Date-Added = {2012-12-19 11:49:45 +1100},
	Date-Modified = {2012-12-19 11:50:04 +1100},
	Journal = {SAS '05},
	Pages = {284--302},
	Title = {Interprocedural shape analysis for cutpoint-free programs}}

@inproceedings{marron2008efficient,
	Author = {Marron, M. and Hermenegildo, M. and Kapur, D. and Stefanovic, D.},
	Booktitle = {CC '08},
	Date-Added = {2012-12-19 11:47:30 +1100},
	Date-Modified = {2012-12-19 11:50:47 +1100},
	Pages = {245--259},
	Title = {Efficient context-sensitive shape analysis with graph based heap models}}

@inproceedings{yang2008scalable,
	Author = {Yang, H. and Lee, O. and Berdine, J. and Calcagno, C. and Cook, B. and Distefano, D. and O'Hearn, P.},
	Booktitle = {CAV '08},
	Date-Added = {2012-12-19 11:46:43 +1100},
	Date-Modified = {2012-12-19 11:51:06 +1100},
	Pages = {385--398},
	Title = {Scalable shape analysis for systems code}}

@article{gulwani2007computing,
	Author = {Gulwani, S. and Tiwari, A.},
	Date-Added = {2012-12-19 11:45:21 +1100},
	Date-Modified = {2012-12-19 11:46:20 +1100},
	Journal = {ESOP '07},
	Pages = {253--267},
	Title = {Computing procedure summaries for interprocedural analysis},
	Year = {2007}}

@article{gotsman2006interprocedural,
	Author = {Gotsman, A. and Berdine, J. and Cook, B.},
	Date-Added = {2012-12-19 11:43:30 +1100},
	Date-Modified = {2012-12-19 11:50:54 +1100},
	Journal = {SAS '06},
	Pages = {240--260},
	Title = {Interprocedural shape analysis with separated heap abstractions}}

@inproceedings{calcagno2009compositional,
	Author = {Calcagno, C. and Distefano, D. and O'Hearn, P. and Yang, H.},
	Booktitle = {POPL '09},
	Date-Added = {2012-12-19 11:31:10 +1100},
	Date-Modified = {2012-12-19 11:50:25 +1100},
	Number = {1},
	Pages = {289--300},
	Title = {Compositional shape analysis by means of bi-abduction},
	Volume = {44}}

@article{sagiv2002parametric,
	Author = {Sagiv, M. and Reps, T. and Wilhelm, R.},
	Date-Added = {2012-12-19 11:29:59 +1100},
	Date-Modified = {2012-12-19 11:51:00 +1100},
	Journal = {TOPLAS '02},
	Number = {3},
	Pages = {217--298},
	Title = {Parametric shape analysis via 3-valued logic},
	Volume = {24}}

@inproceedings{Guyer:2003,
	Author = {Guyer, Samuel Z. and Lin, Calvin},
	Booktitle = {SAS'03},
	Date-Modified = {2012-12-15 18:01:32 +1100},
	Numpages = {23},
	Pages = {1073--1073},
	Title = {Client-driven pointer analysis}}

@inproceedings{Zheng:2008,
	Acmid = {1328464},
	Author = {Zheng, Xin and Rugina, Radu},
	Booktitle = {POPL '08},
	Date-Modified = {2012-12-15 17:58:51 +1100},
	Keywords = {{CFL} reachability, alias analysis, demand-driven analysis, memory disambiguation, pointer analysis},
	Location = {San Francisco, California, USA},
	Numpages = {12},
	Pages = {197--208},
	Title = {Demand-driven alias analysis for {C}}}

@inproceedings{Shang12a,
	Author = {Shang, Lei and Lu, Yi and Xue, Jingling},
	Booktitle = {ASE '12},
	Date-Modified = {2012-12-15 17:54:38 +1100},
	Keywords = {{CFL} reachability, Points-to analysis, Summarisation},
	Numpages = {4},
	Pages = {270--273},
	Title = {Fast and precise points-to analysis with incremental {CFL}-reachability summarisation: preliminary experience}}

@inproceedings{Lu13,
	Author = {Lu, Yi and Shang, Lei and Xie, Xinwei and Xue, Jingling},
	Booktitle = {CC'13},
	Title = {An Incremental Points-to Analysis with {CFL}-Reachability}}

@article{stephenson2003meta,
	Author = {Stephenson, M. and Amarasinghe, S. and Martin, M. and O'Reilly, U.M.},
	Date-Added = {2012-08-28 20:12:38 +1000},
	Date-Modified = {2012-12-15 17:51:02 +1100},
	Journal = {PLDI '03},
	Pages = {77--90},
	Title = {Meta optimization: Improving compiler heuristics with machine learning}}

@inproceedings{agakov2006using,
	Author = {Agakov, F. and Bonilla, E. and Cavazos, J. and Franke, B. and Fursin, G. and O'Boyle, M.F.P. and Thomson, J. and Toussaint, M. and Williams, C.K.I.},
	Booktitle = {CGO '06},
	Date-Added = {2012-08-28 20:08:32 +1000},
	Date-Modified = {2012-12-15 17:47:20 +1100},
	Pages = {295--305},
	Title = {Using machine learning to focus iterative optimization}}

@inproceedings{oh2012implementation,
	Author = {Oh, H. and Heo, K. and Lee, W. and Lee, W. and Design, K.Y.},
	Booktitle = {ACM SIGPLAN Conference on Programming Language Design and Implementation (PLDI 2012)},
	Date-Added = {2012-08-25 22:59:51 +1000},
	Date-Modified = {2012-12-15 17:53:10 +1100},
	Pages = {229--238},
	Title = {implementation of sparse global analyses for C-like languages},
	Bdsk-File-1 = {YnBsaXN0MDDUAQIDBAUIJidUJHRvcFgkb2JqZWN0c1gkdmVyc2lvblkkYXJjaGl2ZXLRBgdUcm9vdIABqAkKFRYXGyIjVSRudWxs0wsMDQ4RFFpOUy5vYmplY3RzV05TLmtleXNWJGNsYXNzog8QgASABqISE4ACgAOAB1lhbGlhc0RhdGFccmVsYXRpdmVQYXRo0hgNGRpXTlMuZGF0YU8RAoAAAAAAAoAAAgAADE1hY2ludG9zaCBIRAAAAAAAAAAAAAAAAAAAAMcsaM9IKwAAACJzbR9EZXNpZ24gYW5kIEltcGxlbWVuIzRDNzEyMzIucGRmAAAAAAAAAAAAAAAAAAAAAAAAAAAAAAAAAAAAAAAAAAAExxIyzF8JBwAAAAAAAAAAAAIAAwAACSAAAAAAAAAAAAAAAAAAAAAJUG9pbnRzLXRvAAAQAAgAAMcrzh8AAAARAAgAAMxefGcAAAABABQAInNtABqRIgAICHwACAhvAACRjQACAFxNYWNpbnRvc2ggSEQ6VXNlcnM6cm9ja3lzdWk6RG9jdW1lbnRzOnBhcGVyX3JldmlldzpQb2ludHMtdG86RGVzaWduIGFuZCBJbXBsZW1lbiM0QzcxMjMyLnBkZgAOAJoATABEAGUAcwBpAGcAbgAgAGEAbgBkACAASQBtAHAAbABlAG0AZQBuAHQAYQB0AGkAbwBuACAAbwBmACAAUwBwAGEAcgBzAGUAIABHAGwAbwBiAGEAbAAgAEEAbgBhAGwAeQBzAGUAcwAgAGYAbwByACAAQwAtAGwAaQBrAGUAIABMAGEAbgBnAHUAYQBnAGUAcwAuAHAAZABmAA8AGgAMAE0AYQBjAGkAbgB0AG8AcwBoACAASABEABIAfFVzZXJzL3JvY2t5c3VpL0RvY3VtZW50cy9wYXBlcl9yZXZpZXcvUG9pbnRzLXRvL0Rlc2lnbiBhbmQgSW1wbGVtZW50YXRpb24gb2YgU3BhcnNlIEdsb2JhbCBBbmFseXNlcyBmb3IgQy1saWtlIExhbmd1YWdlcy5wZGYAEwABLwAAFQACAA///wAAgAXSHB0eH1gkY2xhc3Nlc1okY2xhc3NuYW1lox8gIV1OU011dGFibGVEYXRhVk5TRGF0YVhOU09iamVjdF8QaS4uLy4uL3BhcGVyX3Jldmlldy9Qb2ludHMtdG8vRGVzaWduIGFuZCBJbXBsZW1lbnRhdGlvbiBvZiBTcGFyc2UgR2xvYmFsIEFuYWx5c2VzIGZvciBDLWxpa2UgTGFuZ3VhZ2VzLnBkZtIcHSQloiUhXE5TRGljdGlvbmFyeRIAAYagXxAPTlNLZXllZEFyY2hpdmVyAAgAEQAWAB8AKAAyADUAOgA8AEUASwBSAF0AZQBsAG8AcQBzAHYAeAB6AHwAhgCTAJgAoAMkAyYDKwM0Az8DQwNRA1gDYQPNA9ID1QPiA+cAAAAAAAACAQAAAAAAAAAoAAAAAAAAAAAAAAAAAAAD+Q==}}

@article{lhotak2008evaluating,
	Author = {Lhot{\'a}k, O. and Hendren, L.},
	Date-Added = {2012-08-16 14:27:13 +1000},
	Date-Modified = {2012-12-15 17:56:17 +1100},
	Journal = {TOSEM '08},
	Number = {1},
	Title = {Evaluating the benefits of context-sensitive points-to analysis using a BDD-based implementation},
	Volume = {18},
	Year = {2008}}

@article{foster2000polymorphic,
	Author = {Foster, J. and F{\\"a}hndrich, M. and Aiken, A.},
	Date-Added = {2012-08-14 16:34:29 +1000},
	Date-Modified = {2012-08-14 16:34:29 +1000},
	Journal = {Static Analysis},
	Pages = {157--171},
	Publisher = {Springer},
	Title = {Polymorphic versus monomorphic flow-insensitive points-to analysis for C},
	Year = {2000},
	Bdsk-File-1 = {YnBsaXN0MDDUAQIDBAUIJidUJHRvcFgkb2JqZWN0c1gkdmVyc2lvblkkYXJjaGl2ZXLRBgdUcm9vdIABqAkKFRYXGyIjVSRudWxs0wsMDQ4RFFpOUy5vYmplY3RzV05TLmtleXNWJGNsYXNzog8QgASABqISE4ACgAOAB1lhbGlhc0RhdGFccmVsYXRpdmVQYXRo0hgNGRpXTlMuZGF0YU8RAsAAAAAAAsAAAgAADE1hY2ludG9zaCBIRAAAAAAAAAAAAAAAAAAAAMcsaM9IKwAAACzmBB9Qb2x5bW9ycGhpYyB2ZXJzdXMgIzFDODYzNEMucGRmAAAAAAAAAAAAAAAAAAAAAAAAAAAAAAAAAAAAAAAAAAAByGNMyiD29wAAAAAAAAAAAAIABAAACSAAAAAAAAAAAAAAAAAAAAAWZmxvdyBjb250ZXh0IHNlbnNpdGl2ZQAQAAgAAMcrzh8AAAARAAgAAMogalcAAAABABgALOYEACJzbQAakSIACAh8AAgIbwAAkY0AAgBzTWFjaW50b3NoIEhEOlVzZXJzOnJvY2t5c3VpOkRvY3VtZW50czpwYXBlcl9yZXZpZXc6UG9pbnRzLXRvOmZsb3cgY29udGV4dCBzZW5zaXRpdmU6UG9seW1vcnBoaWMgdmVyc3VzICMxQzg2MzRDLnBkZgAADgCaAEwAUABvAGwAeQBtAG8AcgBwAGgAaQBjACAAdgBlAHIAcwB1AHMAIABNAG8AbgBvAG0AbwByAHAAaABpAGMAIABGAGwAbwB3AC0ASQBuAHMAZQBuAHMAaQB0AGkAdgBlACAAUABvAGkAbgB0AHMALQBUAG8AIABBAG4AYQBsAHkAcwBpAHMAIABmAG8AcgAgAEMALgBwAGQAZgAPABoADABNAGEAYwBpAG4AdABvAHMAaAAgAEgARAASAJNVc2Vycy9yb2NreXN1aS9Eb2N1bWVudHMvcGFwZXJfcmV2aWV3L1BvaW50cy10by9mbG93IGNvbnRleHQgc2Vuc2l0aXZlL1BvbHltb3JwaGljIHZlcnN1cyBNb25vbW9ycGhpYyBGbG93LUluc2Vuc2l0aXZlIFBvaW50cy1UbyBBbmFseXNpcyBmb3IgQy5wZGYAABMAAS8AABUAAgAP//8AAIAF0hwdHh9YJGNsYXNzZXNaJGNsYXNzbmFtZaMfICFdTlNNdXRhYmxlRGF0YVZOU0RhdGFYTlNPYmplY3RfEIAuLi8uLi9wYXBlcl9yZXZpZXcvUG9pbnRzLXRvL2Zsb3cgY29udGV4dCBzZW5zaXRpdmUvUG9seW1vcnBoaWMgdmVyc3VzIE1vbm9tb3JwaGljIEZsb3ctSW5zZW5zaXRpdmUgUG9pbnRzLVRvIEFuYWx5c2lzIGZvciBDLnBkZtIcHSQloiUhXE5TRGljdGlvbmFyeRIAAYagXxAPTlNLZXllZEFyY2hpdmVyAAgAEQAWAB8AKAAyADUAOgA8AEUASwBSAF0AZQBsAG8AcQBzAHYAeAB6AHwAhgCTAJgAoANkA2YDawN0A38DgwORA5gDoQQkBCkELAQ5BD4AAAAAAAACAQAAAAAAAAAoAAAAAAAAAAAAAAAAAAAEUA==}}

@article{berndl2003points,
	Author = {Berndl, M. and Lhot{\'a}k, O. and Qian, F. and Hendren, L. and Umanee, N.},
	Date-Added = {2012-08-14 16:33:52 +1000},
	Date-Modified = {2012-12-15 18:04:50 +1100},
	Journal = {PLDI '03},
	Pages = {103--114},
	Title = {{Points-to analysis using BDDs}},
	Bdsk-File-1 = {YnBsaXN0MDDUAQIDBAUIJidUJHRvcFgkb2JqZWN0c1gkdmVyc2lvblkkYXJjaGl2ZXLRBgdUcm9vdIABqAkKFRYXGyIjVSRudWxs0wsMDQ4RFFpOUy5vYmplY3RzV05TLmtleXNWJGNsYXNzog8QgASABqISE4ACgAOAB1lhbGlhc0RhdGFccmVsYXRpdmVQYXRo0hgNGRpXTlMuZGF0YU8RAgAAAAAAAgAAAgAADE1hY2ludG9zaCBIRAAAAAAAAAAAAAAAAAAAAMcsaM9IKwAAACJzbR9Qb2ludHMtdG8gYW5hbHlzaXMgdSM1OTI4RkYucGRmAAAAAAAAAAAAAAAAAAAAAAAAAAAAAAAAAAAAAAAAAAAAWSj/yGuaowAAAAAAAAAAAAIAAwAACSAAAAAAAAAAAAAAAAAAAAAJUG9pbnRzLXRvAAAQAAgAAMcrzh8AAAARAAgAAMhrDgMAAAABABQAInNtABqRIgAICHwACAhvAACRjQACAFxNYWNpbnRvc2ggSEQ6VXNlcnM6cm9ja3lzdWk6RG9jdW1lbnRzOnBhcGVyX3JldmlldzpQb2ludHMtdG86UG9pbnRzLXRvIGFuYWx5c2lzIHUjNTkyOEZGLnBkZgAOAEQAIQBQAG8AaQBuAHQAcwAtAHQAbwAgAGEAbgBhAGwAeQBzAGkAcwAgAHUAcwBpAG4AZwAgAEIARABEAHMALgBwAGQAZgAPABoADABNAGEAYwBpAG4AdABvAHMAaAAgAEgARAASAFFVc2Vycy9yb2NreXN1aS9Eb2N1bWVudHMvcGFwZXJfcmV2aWV3L1BvaW50cy10by9Qb2ludHMtdG8gYW5hbHlzaXMgdXNpbmcgQkREcy5wZGYAABMAAS8AABUAAgAP//8AAIAF0hwdHh9YJGNsYXNzZXNaJGNsYXNzbmFtZaMfICFdTlNNdXRhYmxlRGF0YVZOU0RhdGFYTlNPYmplY3RfED4uLi8uLi9wYXBlcl9yZXZpZXcvUG9pbnRzLXRvL1BvaW50cy10byBhbmFseXNpcyB1c2luZyBCRERzLnBkZtIcHSQloiUhXE5TRGljdGlvbmFyeRIAAYagXxAPTlNLZXllZEFyY2hpdmVyAAgAEQAWAB8AKAAyADUAOgA8AEUASwBSAF0AZQBsAG8AcQBzAHYAeAB6AHwAhgCTAJgAoAKkAqYCqwK0Ar8CwwLRAtgC4QMiAycDKgM3AzwAAAAAAAACAQAAAAAAAAAoAAAAAAAAAAAAAAAAAAADTg==},
	Bdsk-File-2 = {YnBsaXN0MDDUAQIDBAUIJidUJHRvcFgkb2JqZWN0c1gkdmVyc2lvblkkYXJjaGl2ZXLRBgdUcm9vdIABqAkKFRYXGyIjVSRudWxs0wsMDQ4RFFpOUy5vYmplY3RzV05TLmtleXNWJGNsYXNzog8QgASABqISE4ACgAOAB1lhbGlhc0RhdGFccmVsYXRpdmVQYXRo0hgNGRpXTlMuZGF0YU8RAcwAAAAAAcwAAgAADE1hY2ludG9zaCBIRAAAAAAAAAAAAAAAAAAAAMcsaM9IKwAAAH3oHQ9vbGhvdGFrX3BoZC5wZGYAAAAAAAAAAAAAAAAAAAAAAAAAAAAAAAAAAAAAAAAAAAAAAAAAAAAAAAAAAAAAAAAAffPKyMfIxQAAAAAAAAAAAAIABAAACSAAAAAAAAAAAAAAAAAAAAAHb2xob3RhawAAEAAIAADHK84fAAAAEQAIAADIxzwlAAAAAQAYAH3oHQB7u6QAGpEiAAgIfAAICG8AAJGNAAIAVE1hY2ludG9zaCBIRDpVc2Vyczpyb2NreXN1aTpEb2N1bWVudHM6cGFwZXJfcmV2aWV3OmRhdGEgcmFjZTpvbGhvdGFrOm9saG90YWtfcGhkLnBkZgAOACAADwBvAGwAaABvAHQAYQBrAF8AcABoAGQALgBwAGQAZgAPABoADABNAGEAYwBpAG4AdABvAHMAaAAgAEgARAASAEdVc2Vycy9yb2NreXN1aS9Eb2N1bWVudHMvcGFwZXJfcmV2aWV3L2RhdGEgcmFjZS9vbGhvdGFrL29saG90YWtfcGhkLnBkZgAAEwABLwAAFQACAA///wAAgAXSHB0eH1gkY2xhc3Nlc1okY2xhc3NuYW1lox8gIV1OU011dGFibGVEYXRhVk5TRGF0YVhOU09iamVjdF8QNC4uLy4uL3BhcGVyX3Jldmlldy9kYXRhIHJhY2Uvb2xob3Rhay9vbGhvdGFrX3BoZC5wZGbSHB0kJaIlIVxOU0RpY3Rpb25hcnkSAAGGoF8QD05TS2V5ZWRBcmNoaXZlcgAIABEAFgAfACgAMgA1ADoAPABFAEsAUgBdAGUAbABvAHEAcwB2AHgAegB8AIYAkwCYAKACcAJyAncCgAKLAo8CnQKkAq0C5ALpAuwC+QL+AAAAAAAAAgEAAAAAAAAAKAAAAAAAAAAAAAAAAAAAAxA=}}

@article{landi1992safe,
	Author = {Landi, W. and Ryder, B.G.},
	Date-Added = {2012-08-14 16:30:39 +1000},
	Date-Modified = {2012-12-15 18:02:44 +1100},
	Journal = {PLDI '92},
	Number = {7},
	Title = {{A safe approximate algorithm for interprocedural aliasing}},
	Volume = {27},
	Bdsk-File-1 = {YnBsaXN0MDDUAQIDBAUIJidUJHRvcFgkb2JqZWN0c1gkdmVyc2lvblkkYXJjaGl2ZXLRBgdUcm9vdIABqAkKFRYXGyIjVSRudWxs0wsMDQ4RFFpOUy5vYmplY3RzV05TLmtleXNWJGNsYXNzog8QgASABqISE4ACgAOAB1lhbGlhc0RhdGFccmVsYXRpdmVQYXRo0hgNGRpXTlMuZGF0YU8RApgAAAAAApgAAgAADE1hY2ludG9zaCBIRAAAAAAAAAAAAAAAAAAAAMcsaM9IKwAAACzmBB9hIHNhZmUgYXBwcm94aW1hdGlvbiM1NzMyQkQucGRmAAAAAAAAAAAAAAAAAAAAAAAAAAAAAAAAAAAAAAAAAAAAVzK9yGiI+gAAAAAAAAAAAAIABAAACSAAAAAAAAAAAAAAAAAAAAAWZmxvdyBjb250ZXh0IHNlbnNpdGl2ZQAQAAgAAMcrzh8AAAARAAgAAMhn/FoAAAABABgALOYEACJzbQAakSIACAh8AAgIbwAAkY0AAgBzTWFjaW50b3NoIEhEOlVzZXJzOnJvY2t5c3VpOkRvY3VtZW50czpwYXBlcl9yZXZpZXc6UG9pbnRzLXRvOmZsb3cgY29udGV4dCBzZW5zaXRpdmU6YSBzYWZlIGFwcHJveGltYXRpb24jNTczMkJELnBkZgAADgCAAD8AYQAgAHMAYQBmAGUAIABhAHAAcAByAG8AeABpAG0AYQB0AGkAbwBuACAAYQBsAGcAbwByAGkAdABoAG0AIABmAG8AcgAgAGkAbgB0AGUAcgBwAG8AcgBjAGUAZAB1AHIAYQBsACAAYQBsAGkAYQBzAGkAbgBnAC4AcABkAGYADwAaAAwATQBhAGMAaQBuAHQAbwBzAGgAIABIAEQAEgCGVXNlcnMvcm9ja3lzdWkvRG9jdW1lbnRzL3BhcGVyX3Jldmlldy9Qb2ludHMtdG8vZmxvdyBjb250ZXh0IHNlbnNpdGl2ZS9hIHNhZmUgYXBwcm94aW1hdGlvbiBhbGdvcml0aG0gZm9yIGludGVycG9yY2VkdXJhbCBhbGlhc2luZy5wZGYAEwABLwAAFQACAA///wAAgAXSHB0eH1gkY2xhc3Nlc1okY2xhc3NuYW1lox8gIV1OU011dGFibGVEYXRhVk5TRGF0YVhOU09iamVjdF8Qcy4uLy4uL3BhcGVyX3Jldmlldy9Qb2ludHMtdG8vZmxvdyBjb250ZXh0IHNlbnNpdGl2ZS9hIHNhZmUgYXBwcm94aW1hdGlvbiBhbGdvcml0aG0gZm9yIGludGVycG9yY2VkdXJhbCBhbGlhc2luZy5wZGbSHB0kJaIlIVxOU0RpY3Rpb25hcnkSAAGGoF8QD05TS2V5ZWRBcmNoaXZlcgAIABEAFgAfACgAMgA1ADoAPABFAEsAUgBdAGUAbABvAHEAcwB2AHgAegB8AIYAkwCYAKADPAM+A0MDTANXA1sDaQNwA3kD7wP0A/cEBAQJAAAAAAAAAgEAAAAAAAAAKAAAAAAAAAAAAAAAAAAABBs=}}

@conference{zheng2008demand,
	Author = {Zheng, X. and Rugina, R.},
	Booktitle = {Proceedings of the 35th annual ACM SIGPLAN-SIGACT symposium on Principles of programming languages},
	Date-Added = {2012-08-14 16:29:42 +1000},
	Date-Modified = {2012-12-15 17:59:14 +1100},
	Journal = {ACM SIGPLAN Notices},
	Pages = {197--208},
	Publisher = {ACM},
	Title = {{Demand-driven alias analysis for C}},
	Year = {2008},
	Bdsk-File-1 = {YnBsaXN0MDDUAQIDBAUIJidUJHRvcFgkb2JqZWN0c1gkdmVyc2lvblkkYXJjaGl2ZXLRBgdUcm9vdIABqAkKFRYXGyIjVSRudWxs0wsMDQ4RFFpOUy5vYmplY3RzV05TLmtleXNWJGNsYXNzog8QgASABqISE4ACgAOAB1lhbGlhc0RhdGFccmVsYXRpdmVQYXRo0hgNGRpXTlMuZGF0YU8RAh4AAAAAAh4AAgAADE1hY2ludG9zaCBIRAAAAAAAAAAAAAAAAAAAAMcsaM9IKwAAABw6+x9EZW1hbmQtRHJpdmVuIEFsaWFzICMxQjRBOTAucGRmAAAAAAAAAAAAAAAAAAAAAAAAAAAAAAAAAAAAAAAAAAAAG0qQx90GlwAAAAAAAAAAAAIAAwAACSAAAAAAAAAAAAAAAAAAAAAOZGVtYW5ko61kcml2ZW4AEAAIAADHK84fAAAAEQAIAADH3GvnAAAAAQAUABw6+wAakSIACAh8AAgIbwAAkY0AAgBhTWFjaW50b3NoIEhEOlVzZXJzOnJvY2t5c3VpOkRvY3VtZW50czpwYXBlcl9yZXZpZXc6ZGVtYW5ko61kcml2ZW46RGVtYW5kLURyaXZlbiBBbGlhcyAjMUI0QTkwLnBkZgAADgBOACYARABlAG0AYQBuAGQALQBEAHIAaQB2AGUAbgAgAEEAbABpAGEAcwAgAEEAbgBhAGwAeQBzAGkAcwAgAGYAbwByACAAQwAuAHAAZABmAA8AGgAMAE0AYQBjAGkAbgB0AG8AcwBoACAASABEABIAXFVzZXJzL3JvY2t5c3VpL0RvY3VtZW50cy9wYXBlcl9yZXZpZXcvZGVtYW5k77yNZHJpdmVuL0RlbWFuZC1Ecml2ZW4gQWxpYXMgQW5hbHlzaXMgZm9yIEMucGRmABMAAS8AABUAAgAP//8AAIAF0hwdHh9YJGNsYXNzZXNaJGNsYXNzbmFtZaMfICFdTlNNdXRhYmxlRGF0YVZOU0RhdGFYTlNPYmplY3RvEEcALgAuAC8ALgAuAC8AcABhAHAAZQByAF8AcgBlAHYAaQBlAHcALwBkAGUAbQBhAG4AZP8NAGQAcgBpAHYAZQBuAC8ARABlAG0AYQBuAGQALQBEAHIAaQB2AGUAbgAgAEEAbABpAGEAcwAgAEEAbgBhAGwAeQBzAGkAcwAgAGYAbwByACAAQwAuAHAAZABm0hwdJCWiJSFcTlNEaWN0aW9uYXJ5EgABhqBfEA9OU0tleWVkQXJjaGl2ZXIACAARABYAHwAoADIANQA6ADwARQBLAFIAXQBlAGwAbwBxAHMAdgB4AHoAfACGAJMAmACgAsICxALJAtIC3QLhAu8C9gL/A5ADlQOYA6UDqgAAAAAAAAIBAAAAAAAAACgAAAAAAAAAAAAAAAAAAAO8}}

@conference{pereira2009wave,
	Author = {Pereira, F.M.Q. and Berlin, D.},
	Booktitle = {CGO '09},
	Date-Added = {2012-08-14 16:28:48 +1000},
	Date-Modified = {2012-12-15 17:46:32 +1100},
	Pages = {126--135},
	Title = {{Wave propagation and deep propagation for pointer analysis}},
	Bdsk-File-1 = {YnBsaXN0MDDUAQIDBAUIJidUJHRvcFgkb2JqZWN0c1gkdmVyc2lvblkkYXJjaGl2ZXLRBgdUcm9vdIABqAkKFRYXGyIjVSRudWxs0wsMDQ4RFFpOUy5vYmplY3RzV05TLmtleXNWJGNsYXNzog8QgASABqISE4ACgAOAB1lhbGlhc0RhdGFccmVsYXRpdmVQYXRo0hgNGRpXTlMuZGF0YU8RApYAAAAAApYAAgAADE1hY2ludG9zaCBIRAAAAAAAAAAAAAAAAAAAAMcsaM9IKwAAACzmBB9XYXZlIFByb3BhZ2F0aW9uIGFuZCM3N0RDMzAucGRmAAAAAAAAAAAAAAAAAAAAAAAAAAAAAAAAAAAAAAAAAAAAd9wwyLkjCwAAAAAAAAAAAAIABAAACSAAAAAAAAAAAAAAAAAAAAAWZmxvdyBjb250ZXh0IHNlbnNpdGl2ZQAQAAgAAMcrzh8AAAARAAgAAMi4lmsAAAABABgALOYEACJzbQAakSIACAh8AAgIbwAAkY0AAgBzTWFjaW50b3NoIEhEOlVzZXJzOnJvY2t5c3VpOkRvY3VtZW50czpwYXBlcl9yZXZpZXc6UG9pbnRzLXRvOmZsb3cgY29udGV4dCBzZW5zaXRpdmU6V2F2ZSBQcm9wYWdhdGlvbiBhbmQjNzdEQzMwLnBkZgAADgB+AD4AVwBhAHYAZQAgAFAAcgBvAHAAYQBnAGEAdABpAG8AbgAgAGEAbgBkACAARABlAGUAcAAgAFAAcgBvAHAAYQBnAGEAdABpAG8AbgAgAGYAbwByACAAUABvAGkAbgB0AGUAcgAgAEEAbgBhAGwAeQBzAGkAcwAuAHAAZABmAA8AGgAMAE0AYQBjAGkAbgB0AG8AcwBoACAASABEABIAhVVzZXJzL3JvY2t5c3VpL0RvY3VtZW50cy9wYXBlcl9yZXZpZXcvUG9pbnRzLXRvL2Zsb3cgY29udGV4dCBzZW5zaXRpdmUvV2F2ZSBQcm9wYWdhdGlvbiBhbmQgRGVlcCBQcm9wYWdhdGlvbiBmb3IgUG9pbnRlciBBbmFseXNpcy5wZGYAABMAAS8AABUAAgAP//8AAIAF0hwdHh9YJGNsYXNzZXNaJGNsYXNzbmFtZaMfICFdTlNNdXRhYmxlRGF0YVZOU0RhdGFYTlNPYmplY3RfEHIuLi8uLi9wYXBlcl9yZXZpZXcvUG9pbnRzLXRvL2Zsb3cgY29udGV4dCBzZW5zaXRpdmUvV2F2ZSBQcm9wYWdhdGlvbiBhbmQgRGVlcCBQcm9wYWdhdGlvbiBmb3IgUG9pbnRlciBBbmFseXNpcy5wZGbSHB0kJaIlIVxOU0RpY3Rpb25hcnkSAAGGoF8QD05TS2V5ZWRBcmNoaXZlcgAIABEAFgAfACgAMgA1ADoAPABFAEsAUgBdAGUAbABvAHEAcwB2AHgAegB8AIYAkwCYAKADOgM8A0EDSgNVA1kDZwNuA3cD7APxA/QEAQQGAAAAAAAAAgEAAAAAAAAAKAAAAAAAAAAAAAAAAAAABBg=},
	Bdsk-File-2 = {YnBsaXN0MDDUAQIDBAUIJidUJHRvcFgkb2JqZWN0c1gkdmVyc2lvblkkYXJjaGl2ZXLRBgdUcm9vdIABqAkKFRYXGyIjVSRudWxs0wsMDQ4RFFpOUy5vYmplY3RzV05TLmtleXNWJGNsYXNzog8QgASABqISE4ACgAOAB1lhbGlhc0RhdGFccmVsYXRpdmVQYXRo0hgNGRpXTlMuZGF0YU8RAbYAAAAAAbYAAgAADE1hY2ludG9zaCBIRAAAAAAAAAAAAAAAAAAAAMcsaM9IKwAAACJzbQ5DR08wOV9wcmVzLnBkZgAAAAAAAAAAAAAAAAAAAAAAAAAAAAAAAAAAAAAAAAAAAAAAAAAAAAAAAAAAAAAAAAAAnbvXyS/UlgAAAAAAAAAAAAIAAwAACSAAAAAAAAAAAAAAAAAAAAAJUG9pbnRzLXRvAAAQAAgAAMcrzh8AAAARAAgAAMkvOeYAAAABABQAInNtABqRIgAICHwACAhvAACRjQACAEtNYWNpbnRvc2ggSEQ6VXNlcnM6cm9ja3lzdWk6RG9jdW1lbnRzOnBhcGVyX3JldmlldzpQb2ludHMtdG86Q0dPMDlfcHJlcy5wZGYAAA4AHgAOAEMARwBPADAAOQBfAHAAcgBlAHMALgBwAGQAZgAPABoADABNAGEAYwBpAG4AdABvAHMAaAAgAEgARAASAD5Vc2Vycy9yb2NreXN1aS9Eb2N1bWVudHMvcGFwZXJfcmV2aWV3L1BvaW50cy10by9DR08wOV9wcmVzLnBkZgATAAEvAAAVAAIAD///AACABdIcHR4fWCRjbGFzc2VzWiRjbGFzc25hbWWjHyAhXU5TTXV0YWJsZURhdGFWTlNEYXRhWE5TT2JqZWN0XxArLi4vLi4vcGFwZXJfcmV2aWV3L1BvaW50cy10by9DR08wOV9wcmVzLnBkZtIcHSQloiUhXE5TRGljdGlvbmFyeRIAAYagXxAPTlNLZXllZEFyY2hpdmVyAAgAEQAWAB8AKAAyADUAOgA8AEUASwBSAF0AZQBsAG8AcQBzAHYAeAB6AHwAhgCTAJgAoAJaAlwCYQJqAnUCeQKHAo4ClwLFAsoCzQLaAt8AAAAAAAACAQAAAAAAAAAoAAAAAAAAAAAAAAAAAAAC8Q==}}

@inproceedings{sui2011spas,
	Author = {Sui, Y. and Ye, S. and Xue, J. and Yew, P.C.},
	Booktitle = {APLAS '11},
	Date-Modified = {2012-12-19 16:00:47 +1100},
	Pages = {155--171},
	Title = {{SPAS}: Scalable Path-Sensitive Pointer Analysis on Full-Sparse {SSA}},
	Bdsk-File-1 = {YnBsaXN0MDDUAQIDBAUIJidUJHRvcFgkb2JqZWN0c1gkdmVyc2lvblkkYXJjaGl2ZXLRBgdUcm9vdIABqAkKFRYXGyIjVSRudWxs0wsMDQ4RFFpOUy5vYmplY3RzV05TLmtleXNWJGNsYXNzog8QgASABqISE4ACgAOAB1lhbGlhc0RhdGFccmVsYXRpdmVQYXRo0hgNGRpXTlMuZGF0YU8RAZ4AAAAAAZ4AAgAADE1hY2ludG9zaCBIRAAAAAAAAAAAAAAAAAAAAMcsaM9IKwAAABwuKBhjb3B5cmlnaHQtQ0dPMTMjSUQ5Mi5wZGYAAAAAAAAAAAAAAAAAAAAAAAAAAAAAAAAAAAAAAAAAAAAAAAAAAAAFLiw1zPeb/gAAAAAAAAAAAAMAAgAACSAAAAAAAAAAAAAAAAAAAAAGLlRyYXNoABAACAAAxyvOHwAAABEACAAAzPcBTgAAAAEADAAcLigACAhvAACRjQACADtNYWNpbnRvc2ggSEQ6VXNlcnM6cm9ja3lzdWk6LlRyYXNoOmNvcHlyaWdodC1DR08xMyNJRDkyLnBkZgAADgAyABgAYwBvAHAAeQByAGkAZwBoAHQALQBDAEcATwAxADMAIwBJAEQAOQAyAC4AcABkAGYADwAaAAwATQBhAGMAaQBuAHQAbwBzAGgAIABIAEQAEgAuVXNlcnMvcm9ja3lzdWkvLlRyYXNoL2NvcHlyaWdodC1DR08xMyNJRDkyLnBkZgATAAEvAAAVAAIAD///AACABdIcHR4fWCRjbGFzc2VzWiRjbGFzc25hbWWjHyAhXU5TTXV0YWJsZURhdGFWTlNEYXRhWE5TT2JqZWN0XxAoLi4vLi4vLi4vLlRyYXNoL2NvcHlyaWdodC1DR08xMyNJRDkyLnBkZtIcHSQloiUhXE5TRGljdGlvbmFyeRIAAYagXxAPTlNLZXllZEFyY2hpdmVyAAgAEQAWAB8AKAAyADUAOgA8AEUASwBSAF0AZQBsAG8AcQBzAHYAeAB6AHwAhgCTAJgAoAJCAkQCSQJSAl0CYQJvAnYCfwKqAq8CsgK/AsQAAAAAAAACAQAAAAAAAAAoAAAAAAAAAAAAAAAAAAAC1g==}}

@article{fahndrich2000scalable,
	Author = {F{\\"a}hndrich, M. and Rehof, J. and Das, M.},
	Date-Added = {2012-08-14 16:27:22 +1000},
	Date-Modified = {2012-08-14 16:27:22 +1000},
	Journal = {ACM SIGPLAN Notices},
	Number = {5},
	Pages = {253--263},
	Publisher = {ACM},
	Title = {{Scalable context-sensitive flow analysis using instantiation constraints}},
	Volume = {35},
	Year = {2000},
	Bdsk-File-1 = {YnBsaXN0MDDUAQIDBAUIJidUJHRvcFgkb2JqZWN0c1gkdmVyc2lvblkkYXJjaGl2ZXLRBgdUcm9vdIABqAkKFRYXGyIjVSRudWxs0wsMDQ4RFFpOUy5vYmplY3RzV05TLmtleXNWJGNsYXNzog8QgASABqISE4ACgAOAB1lhbGlhc0RhdGFccmVsYXRpdmVQYXRo0hgNGRpXTlMuZGF0YU8RAsAAAAAAAsAAAgAADE1hY2ludG9zaCBIRAAAAAAAAAAAAAAAAAAAAMcsaM9IKwAAACzmBB9TY2FsYWJsZSBjb250ZXh0LXNlbiM1OEU1MjIucGRmAAAAAAAAAAAAAAAAAAAAAAAAAAAAAAAAAAAAAAAAAAAAWOUiyGswLgAAAAAAAAAAAAIABAAACSAAAAAAAAAAAAAAAAAAAAAWZmxvdyBjb250ZXh0IHNlbnNpdGl2ZQAQAAgAAMcrzh8AAAARAAgAAMhqo44AAAABABgALOYEACJzbQAakSIACAh8AAgIbwAAkY0AAgBzTWFjaW50b3NoIEhEOlVzZXJzOnJvY2t5c3VpOkRvY3VtZW50czpwYXBlcl9yZXZpZXc6UG9pbnRzLXRvOmZsb3cgY29udGV4dCBzZW5zaXRpdmU6U2NhbGFibGUgY29udGV4dC1zZW4jNThFNTIyLnBkZgAADgCaAEwAUwBjAGEAbABhAGIAbABlACAAYwBvAG4AdABlAHgAdAAtAHMAZQBuAHMAaQB0AGkAdgBlACAAZgBsAG8AdwAgAGEAbgBhAGwAeQBzAGkAcwAgAHUAcwBpAG4AZwAgAGkAbgBzAHQAYQBuAHQAaQBhAHQAaQBvAG4AIABjAG8AbgBzAHQAcgBhAGkAbgB0AHMALgBwAGQAZgAPABoADABNAGEAYwBpAG4AdABvAHMAaAAgAEgARAASAJNVc2Vycy9yb2NreXN1aS9Eb2N1bWVudHMvcGFwZXJfcmV2aWV3L1BvaW50cy10by9mbG93IGNvbnRleHQgc2Vuc2l0aXZlL1NjYWxhYmxlIGNvbnRleHQtc2Vuc2l0aXZlIGZsb3cgYW5hbHlzaXMgdXNpbmcgaW5zdGFudGlhdGlvbiBjb25zdHJhaW50cy5wZGYAABMAAS8AABUAAgAP//8AAIAF0hwdHh9YJGNsYXNzZXNaJGNsYXNzbmFtZaMfICFdTlNNdXRhYmxlRGF0YVZOU0RhdGFYTlNPYmplY3RfEIAuLi8uLi9wYXBlcl9yZXZpZXcvUG9pbnRzLXRvL2Zsb3cgY29udGV4dCBzZW5zaXRpdmUvU2NhbGFibGUgY29udGV4dC1zZW5zaXRpdmUgZmxvdyBhbmFseXNpcyB1c2luZyBpbnN0YW50aWF0aW9uIGNvbnN0cmFpbnRzLnBkZtIcHSQloiUhXE5TRGljdGlvbmFyeRIAAYagXxAPTlNLZXllZEFyY2hpdmVyAAgAEQAWAB8AKAAyADUAOgA8AEUASwBSAF0AZQBsAG8AcQBzAHYAeAB6AHwAhgCTAJgAoANkA2YDawN0A38DgwORA5gDoQQkBCkELAQ5BD4AAAAAAAACAQAAAAAAAAAoAAAAAAAAAAAAAAAAAAAEUA==}}

@article{das2001estimating,
	Author = {Das, M. and Liblit, B. and F{\\"a}hndrich, M. and Rehof, J.},
	Date-Added = {2012-08-14 16:27:13 +1000},
	Date-Modified = {2012-08-14 16:27:13 +1000},
	Journal = {Static Analysis},
	Pages = {260--278},
	Publisher = {Springer},
	Title = {{Estimating the impact of scalable pointer analysis on optimization}},
	Year = {2001},
	Bdsk-File-1 = {YnBsaXN0MDDUAQIDBAUIJidUJHRvcFgkb2JqZWN0c1gkdmVyc2lvblkkYXJjaGl2ZXLRBgdUcm9vdIABqAkKFRYXGyIjVSRudWxs0wsMDQ4RFFpOUy5vYmplY3RzV05TLmtleXNWJGNsYXNzog8QgASABqISE4ACgAOAB1lhbGlhc0RhdGFccmVsYXRpdmVQYXRo0hgNGRpXTlMuZGF0YU8RAm4AAAAAAm4AAgAADE1hY2ludG9zaCBIRAAAAAAAAAAAAAAAAAAAAMcsaM9IKwAAACJzbR9lc3RpbWF0aW5nIHRoZSBpbXBhYyM0N0RBN0UucGRmAAAAAAAAAAAAAAAAAAAAAAAAAAAAAAAAAAAAAAAAAAAAR9p+yFN1WgAAAAAAAAAAAAIAAwAACSAAAAAAAAAAAAAAAAAAAAAJUG9pbnRzLXRvAAAQAAgAAMcrzh8AAAARAAgAAMhS6LoAAAABABQAInNtABqRIgAICHwACAhvAACRjQACAFxNYWNpbnRvc2ggSEQ6VXNlcnM6cm9ja3lzdWk6RG9jdW1lbnRzOnBhcGVyX3JldmlldzpQb2ludHMtdG86ZXN0aW1hdGluZyB0aGUgaW1wYWMjNDdEQTdFLnBkZgAOAI4ARgBlAHMAdABpAG0AYQB0AGkAbgBnACAAdABoAGUAIABpAG0AcABhAGMAdAAgAG8AZgAgAHMAYwBhAGwAYQBiAGwAZQAgAHAAbwBpAG4AdABlAHIAIABhAG4AYQBsAHkAcwBpAHMAIABvAG4AIABvAHAAdABpAG0AaQB6AGEAdABpAG8AbgAuAHAAZABmAA8AGgAMAE0AYQBjAGkAbgB0AG8AcwBoACAASABEABIAdlVzZXJzL3JvY2t5c3VpL0RvY3VtZW50cy9wYXBlcl9yZXZpZXcvUG9pbnRzLXRvL2VzdGltYXRpbmcgdGhlIGltcGFjdCBvZiBzY2FsYWJsZSBwb2ludGVyIGFuYWx5c2lzIG9uIG9wdGltaXphdGlvbi5wZGYAEwABLwAAFQACAA///wAAgAXSHB0eH1gkY2xhc3Nlc1okY2xhc3NuYW1lox8gIV1OU011dGFibGVEYXRhVk5TRGF0YVhOU09iamVjdF8QYy4uLy4uL3BhcGVyX3Jldmlldy9Qb2ludHMtdG8vZXN0aW1hdGluZyB0aGUgaW1wYWN0IG9mIHNjYWxhYmxlIHBvaW50ZXIgYW5hbHlzaXMgb24gb3B0aW1pemF0aW9uLnBkZtIcHSQloiUhXE5TRGljdGlvbmFyeRIAAYagXxAPTlNLZXllZEFyY2hpdmVyAAgAEQAWAB8AKAAyADUAOgA8AEUASwBSAF0AZQBsAG8AcQBzAHYAeAB6AHwAhgCTAJgAoAMSAxQDGQMiAy0DMQM/A0YDTwO1A7oDvQPKA88AAAAAAAACAQAAAAAAAAAoAAAAAAAAAAAAAAAAAAAD4Q==}}

@conference{zhu2004symbolic,
	Author = {Zhu, J. and Calman, S.},
	Booktitle = {PLDI '04},
	Date-Added = {2012-08-14 16:26:52 +1000},
	Date-Modified = {2012-12-15 17:48:10 +1100},
	Pages = {145--157},
	Title = {{Symbolic pointer analysis revisited}},
	Bdsk-File-1 = {YnBsaXN0MDDUAQIDBAUIJidUJHRvcFgkb2JqZWN0c1gkdmVyc2lvblkkYXJjaGl2ZXLRBgdUcm9vdIABqAkKFRYXGyIjVSRudWxs0wsMDQ4RFFpOUy5vYmplY3RzV05TLmtleXNWJGNsYXNzog8QgASABqISE4ACgAOAB1lhbGlhc0RhdGFccmVsYXRpdmVQYXRo0hgNGRpXTlMuZGF0YU8RAiAAAAAAAiAAAgAADE1hY2ludG9zaCBIRAAAAAAAAAAAAAAAAAAAAMcsaM9IKwAAAFeXfh9TeW1ib2xpYyBwb2ludGVyIGFuYSM4M0JBMUIucGRmAAAAAAAAAAAAAAAAAAAAAAAAAAAAAAAAAAAAAAAAAAAAg7obyNtC6gAAAAAAAAAAAAIAAwAACSAAAAAAAAAAAAAAAAAAAAAOcGF0aCBzZW5zaXRpdmUAEAAIAADHK84fAAAAEQAIAADI2qg6AAAAAQAUAFeXfgAakSIACAh8AAgIbwAAkY0AAgBhTWFjaW50b3NoIEhEOlVzZXJzOnJvY2t5c3VpOkRvY3VtZW50czpwYXBlcl9yZXZpZXc6cGF0aCBzZW5zaXRpdmU6U3ltYm9saWMgcG9pbnRlciBhbmEjODNCQTFCLnBkZgAADgBQACcAUwB5AG0AYgBvAGwAaQBjACAAcABvAGkAbgB0AGUAcgAgAGEAbgBhAGwAeQBzAGkAcwAgAHIAZQB2AGkAcwBpAHQAZQBkAC4AcABkAGYADwAaAAwATQBhAGMAaQBuAHQAbwBzAGgAIABIAEQAEgBcVXNlcnMvcm9ja3lzdWkvRG9jdW1lbnRzL3BhcGVyX3Jldmlldy9wYXRoIHNlbnNpdGl2ZS9TeW1ib2xpYyBwb2ludGVyIGFuYWx5c2lzIHJldmlzaXRlZC5wZGYAEwABLwAAFQACAA///wAAgAXSHB0eH1gkY2xhc3Nlc1okY2xhc3NuYW1lox8gIV1OU011dGFibGVEYXRhVk5TRGF0YVhOU09iamVjdF8QSS4uLy4uL3BhcGVyX3Jldmlldy9wYXRoIHNlbnNpdGl2ZS9TeW1ib2xpYyBwb2ludGVyIGFuYWx5c2lzIHJldmlzaXRlZC5wZGbSHB0kJaIlIVxOU0RpY3Rpb25hcnkSAAGGoF8QD05TS2V5ZWRBcmNoaXZlcgAIABEAFgAfACgAMgA1ADoAPABFAEsAUgBdAGUAbABvAHEAcwB2AHgAegB8AIYAkwCYAKACxALGAssC1ALfAuMC8QL4AwEDTQNSA1UDYgNnAAAAAAAAAgEAAAAAAAAAKAAAAAAAAAAAAAAAAAAAA3k=}}

@conference{kahlon2008bootstrap,
	Author = {Kahlon, V.},
	Booktitle = {PLDI '08},
	Date-Added = {2012-08-14 16:26:09 +1000},
	Date-Modified = {2012-12-15 18:02:06 +1100},
	Pages = {249--259},
	Title = {{Bootstrapping: a technique for scalable flow and context-sensitive pointer alias analysis}},
	Bdsk-File-1 = {YnBsaXN0MDDUAQIDBAUIJidUJHRvcFgkb2JqZWN0c1gkdmVyc2lvblkkYXJjaGl2ZXLRBgdUcm9vdIABqAkKFRYXGyIjVSRudWxs0wsMDQ4RFFpOUy5vYmplY3RzV05TLmtleXNWJGNsYXNzog8QgASABqISE4ACgAOAB1lhbGlhc0RhdGFccmVsYXRpdmVQYXRo0hgNGRpXTlMuZGF0YU8RAvAAAAAAAvAAAgAADE1hY2ludG9zaCBIRAAAAAAAAAAAAAAAAAAAAMcsaM9IKwAAACzmBB9Cb290c3RyYXBwaW5nIEEgVGVjaCMyQ0U2N0EucGRmAAAAAAAAAAAAAAAAAAAAAAAAAAAAAAAAAAAAAAAAAAAALOZ6yBrP1AAAAAAAAAAAAAIABAAACSAAAAAAAAAAAAAAAAAAAAAWZmxvdyBjb250ZXh0IHNlbnNpdGl2ZQAQAAgAAMcrzh8AAAARAAgAAMgaQzQAAAABABgALOYEACJzbQAakSIACAh8AAgIbwAAkY0AAgBzTWFjaW50b3NoIEhEOlVzZXJzOnJvY2t5c3VpOkRvY3VtZW50czpwYXBlcl9yZXZpZXc6UG9pbnRzLXRvOmZsb3cgY29udGV4dCBzZW5zaXRpdmU6Qm9vdHN0cmFwcGluZyBBIFRlY2gjMkNFNjdBLnBkZgAADgC6AFwAQgBvAG8AdABzAHQAcgBhAHAAcABpAG4AZwAgAEEAIABUAGUAYwBoAG4AaQBxAHUAZQAgAGYAbwByACAAUwBjAGEAbABhAGIAbABlACAARgBsAG8AdwAgAGEAbgBkACAAQwBvAG4AdABlAHgAdAAtAFMAZQBuAHMAaQB0AGkAdgBlACAAUABvAGkAbgB0AGUAcgAgAEEAbABpAGEAcwAgAEEAbgBhAGwAeQBzAGkAcwAuAHAAZABmAA8AGgAMAE0AYQBjAGkAbgB0AG8AcwBoACAASABEABIAo1VzZXJzL3JvY2t5c3VpL0RvY3VtZW50cy9wYXBlcl9yZXZpZXcvUG9pbnRzLXRvL2Zsb3cgY29udGV4dCBzZW5zaXRpdmUvQm9vdHN0cmFwcGluZyBBIFRlY2huaXF1ZSBmb3IgU2NhbGFibGUgRmxvdyBhbmQgQ29udGV4dC1TZW5zaXRpdmUgUG9pbnRlciBBbGlhcyBBbmFseXNpcy5wZGYAABMAAS8AABUAAgAP//8AAIAF0hwdHh9YJGNsYXNzZXNaJGNsYXNzbmFtZaMfICFdTlNNdXRhYmxlRGF0YVZOU0RhdGFYTlNPYmplY3RfEJAuLi8uLi9wYXBlcl9yZXZpZXcvUG9pbnRzLXRvL2Zsb3cgY29udGV4dCBzZW5zaXRpdmUvQm9vdHN0cmFwcGluZyBBIFRlY2huaXF1ZSBmb3IgU2NhbGFibGUgRmxvdyBhbmQgQ29udGV4dC1TZW5zaXRpdmUgUG9pbnRlciBBbGlhcyBBbmFseXNpcy5wZGbSHB0kJaIlIVxOU0RpY3Rpb25hcnkSAAGGoF8QD05TS2V5ZWRBcmNoaXZlcgAIABEAFgAfACgAMgA1ADoAPABFAEsAUgBdAGUAbABvAHEAcwB2AHgAegB8AIYAkwCYAKADlAOWA5sDpAOvA7MDwQPIA9EEZARpBGwEeQR+AAAAAAAAAgEAAAAAAAAAKAAAAAAAAAAAAAAAAAAABJA=}}

@conference{chatterjee1999relevant,
	Author = {Chatterjee, R. and Ryder, B.G. and Landi, W.A.},
	Booktitle = {POPL '99},
	Date-Added = {2012-08-14 16:25:56 +1000},
	Date-Modified = {2012-12-15 17:48:40 +1100},
	Pages = {133--146},
	Title = {{Relevant context inference}},
	Bdsk-File-1 = {YnBsaXN0MDDUAQIDBAUIJidUJHRvcFgkb2JqZWN0c1gkdmVyc2lvblkkYXJjaGl2ZXLRBgdUcm9vdIABqAkKFRYXGyIjVSRudWxs0wsMDQ4RFFpOUy5vYmplY3RzV05TLmtleXNWJGNsYXNzog8QgASABqISE4ACgAOAB1lhbGlhc0RhdGFccmVsYXRpdmVQYXRo0hgNGRpXTlMuZGF0YU8RAjQAAAAAAjQAAgAADE1hY2ludG9zaCBIRAAAAAAAAAAAAAAAAAAAAMcsaM9IKwAAACzmBB5SZWxldmFudCBDb250ZXh0IEluZmVyZW5jZS5wZGYAAAAAAAAAAAAAAAAAAAAAAAAAAAAAAAAAAAAAAAAAAAAALORYyBrJTQAAAAAAAAAAAAIABAAACSAAAAAAAAAAAAAAAAAAAAAWZmxvdyBjb250ZXh0IHNlbnNpdGl2ZQAQAAgAAMcrzh8AAAARAAgAAMgaPK0AAAABABgALOYEACJzbQAakSIACAh8AAgIbwAAkY0AAgByTWFjaW50b3NoIEhEOlVzZXJzOnJvY2t5c3VpOkRvY3VtZW50czpwYXBlcl9yZXZpZXc6UG9pbnRzLXRvOmZsb3cgY29udGV4dCBzZW5zaXRpdmU6UmVsZXZhbnQgQ29udGV4dCBJbmZlcmVuY2UucGRmAA4APgAeAFIAZQBsAGUAdgBhAG4AdAAgAEMAbwBuAHQAZQB4AHQAIABJAG4AZgBlAHIAZQBuAGMAZQAuAHAAZABmAA8AGgAMAE0AYQBjAGkAbgB0AG8AcwBoACAASABEABIAZVVzZXJzL3JvY2t5c3VpL0RvY3VtZW50cy9wYXBlcl9yZXZpZXcvUG9pbnRzLXRvL2Zsb3cgY29udGV4dCBzZW5zaXRpdmUvUmVsZXZhbnQgQ29udGV4dCBJbmZlcmVuY2UucGRmAAATAAEvAAAVAAIAD///AACABdIcHR4fWCRjbGFzc2VzWiRjbGFzc25hbWWjHyAhXU5TTXV0YWJsZURhdGFWTlNEYXRhWE5TT2JqZWN0XxBSLi4vLi4vcGFwZXJfcmV2aWV3L1BvaW50cy10by9mbG93IGNvbnRleHQgc2Vuc2l0aXZlL1JlbGV2YW50IENvbnRleHQgSW5mZXJlbmNlLnBkZtIcHSQloiUhXE5TRGljdGlvbmFyeRIAAYagXxAPTlNLZXllZEFyY2hpdmVyAAgAEQAWAB8AKAAyADUAOgA8AEUASwBSAF0AZQBsAG8AcQBzAHYAeAB6AHwAhgCTAJgAoALYAtoC3wLoAvMC9wMFAwwDFQNqA28DcgN/A4QAAAAAAAACAQAAAAAAAAAoAAAAAAAAAAAAAAAAAAADlg==}}

@conference{hackett2006aliasing,
	Author = {Hackett, B. and Aiken, A.},
	Booktitle = {Proceedings of the 14th ACM SIGSOFT international symposium on Foundations of software engineering},
	Date-Added = {2012-08-14 16:25:44 +1000},
	Date-Modified = {2012-08-14 16:25:44 +1000},
	Organization = {ACM},
	Pages = {80},
	Title = {{How is aliasing used in systems software?}},
	Year = {2006},
	Bdsk-File-1 = {YnBsaXN0MDDUAQIDBAUIJidUJHRvcFgkb2JqZWN0c1gkdmVyc2lvblkkYXJjaGl2ZXLRBgdUcm9vdIABqAkKFRYXGyIjVSRudWxs0wsMDQ4RFFpOUy5vYmplY3RzV05TLmtleXNWJGNsYXNzog8QgASABqISE4ACgAOAB1lhbGlhc0RhdGFccmVsYXRpdmVQYXRo0hgNGRpXTlMuZGF0YU8RAkoAAAAAAkoAAgAADE1hY2ludG9zaCBIRAAAAAAAAAAAAAAAAAAAAMcsaM9IKwAAAEeHih9ob3cgaXMgYWxpYXNpbmcgdXNlZCM1OTIzRjQucGRmAAAAAAAAAAAAAAAAAAAAAAAAAAAAAAAAAAAAAAAAAAAAWSP0yGuPPgAAAAAAAAAAAAIABAAACSAAAAAAAAAAAAAAAAAAAAAQcG9pbnRzLXRvIHN1cnZleQAQAAgAAMcrzh8AAAARAAgAAMhrAp4AAAABABgAR4eKACJzbQAakSIACAh8AAgIbwAAkY0AAgBtTWFjaW50b3NoIEhEOlVzZXJzOnJvY2t5c3VpOkRvY3VtZW50czpwYXBlcl9yZXZpZXc6UG9pbnRzLXRvOnBvaW50cy10byBzdXJ2ZXk6aG93IGlzIGFsaWFzaW5nIHVzZWQjNTkyM0Y0LnBkZgAADgBYACsAaABvAHcAIABpAHMAIABhAGwAaQBhAHMAaQBuAGcAIAB1AHMAZQBkACAAaQBuACAAcwB5AHMAdABlAG0AIABzAG8AZgB0AHcAYQByAGUALgBwAGQAZgAPABoADABNAGEAYwBpAG4AdABvAHMAaAAgAEgARAASAGxVc2Vycy9yb2NreXN1aS9Eb2N1bWVudHMvcGFwZXJfcmV2aWV3L1BvaW50cy10by9wb2ludHMtdG8gc3VydmV5L2hvdyBpcyBhbGlhc2luZyB1c2VkIGluIHN5c3RlbSBzb2Z0d2FyZS5wZGYAEwABLwAAFQACAA///wAAgAXSHB0eH1gkY2xhc3Nlc1okY2xhc3NuYW1lox8gIV1OU011dGFibGVEYXRhVk5TRGF0YVhOU09iamVjdF8QWS4uLy4uL3BhcGVyX3Jldmlldy9Qb2ludHMtdG8vcG9pbnRzLXRvIHN1cnZleS9ob3cgaXMgYWxpYXNpbmcgdXNlZCBpbiBzeXN0ZW0gc29mdHdhcmUucGRm0hwdJCWiJSFcTlNEaWN0aW9uYXJ5EgABhqBfEA9OU0tleWVkQXJjaGl2ZXIACAARABYAHwAoADIANQA6ADwARQBLAFIAXQBlAGwAbwBxAHMAdgB4AHoAfACGAJMAmACgAu4C8AL1Av4DCQMNAxsDIgMrA4cDjAOPA5wDoQAAAAAAAAIBAAAAAAAAACgAAAAAAAAAAAAAAAAAAAOz}}

@conference{hardekopfflow,
	Author = {Hardekopf, B. and Lin, C.},
	Booktitle = {CGO '11},
	Date-Added = {2012-08-14 16:16:13 +1000},
	Date-Modified = {2012-12-15 17:54:03 +1100},
	Pages = {289--298},
	Title = {{Flow-Sensitive Pointer Analysis for Millions of Lines of Code}},
	Bdsk-File-1 = {YnBsaXN0MDDUAQIDBAUIJidUJHRvcFgkb2JqZWN0c1gkdmVyc2lvblkkYXJjaGl2ZXLRBgdUcm9vdIABqAkKFRYXGyIjVSRudWxs0wsMDQ4RFFpOUy5vYmplY3RzV05TLmtleXNWJGNsYXNzog8QgASABqISE4ACgAOAB1lhbGlhc0RhdGFccmVsYXRpdmVQYXRo0hgNGRpXTlMuZGF0YU8RAcoAAAAAAcoAAgAADE1hY2ludG9zaCBIRAAAAAAAAAAAAAAAAAAAAMcsaM9IKwAAACJzbRNoYXJkZWtvcGYxMWZsb3cucGRmAAAAAAAAAAAAAAAAAAAAAAAAAAAAAAAAAAAAAAAAAAAAAAAAAAAAAAAAAAABC0nVyWhy/AAAAAAAAAAAAAIAAwAACSAAAAAAAAAAAAAAAAAAAAAJUG9pbnRzLXRvAAAQAAgAAMcrzh8AAAARAAgAAMln2EwAAAABABQAInNtABqRIgAICHwACAhvAACRjQACAFBNYWNpbnRvc2ggSEQ6VXNlcnM6cm9ja3lzdWk6RG9jdW1lbnRzOnBhcGVyX3JldmlldzpQb2ludHMtdG86aGFyZGVrb3BmMTFmbG93LnBkZgAOACgAEwBoAGEAcgBkAGUAawBvAHAAZgAxADEAZgBsAG8AdwAuAHAAZABmAA8AGgAMAE0AYQBjAGkAbgB0AG8AcwBoACAASABEABIAQ1VzZXJzL3JvY2t5c3VpL0RvY3VtZW50cy9wYXBlcl9yZXZpZXcvUG9pbnRzLXRvL2hhcmRla29wZjExZmxvdy5wZGYAABMAAS8AABUAAgAP//8AAIAF0hwdHh9YJGNsYXNzZXNaJGNsYXNzbmFtZaMfICFdTlNNdXRhYmxlRGF0YVZOU0RhdGFYTlNPYmplY3RfEDAuLi8uLi9wYXBlcl9yZXZpZXcvUG9pbnRzLXRvL2hhcmRla29wZjExZmxvdy5wZGbSHB0kJaIlIVxOU0RpY3Rpb25hcnkSAAGGoF8QD05TS2V5ZWRBcmNoaXZlcgAIABEAFgAfACgAMgA1ADoAPABFAEsAUgBdAGUAbABvAHEAcwB2AHgAegB8AIYAkwCYAKACbgJwAnUCfgKJAo0CmwKiAqsC3gLjAuYC8wL4AAAAAAAAAgEAAAAAAAAAKAAAAAAAAAAAAAAAAAAAAwo=}}

@conference{yu2010level,
	Author = {Yu, H. and Xue, J. and Huo, W. and Feng, X. and Zhang, Z.},
	Booktitle = {CGO '10},
	Date-Added = {2012-08-14 16:15:15 +1000},
	Date-Modified = {2012-12-15 17:52:12 +1100},
	Pages = {218--229},
	Title = {{Level by level: making flow-and context-sensitive pointer analysis scalable for millions of lines of code}},
	Bdsk-File-1 = {YnBsaXN0MDDUAQIDBAUIJidUJHRvcFgkb2JqZWN0c1gkdmVyc2lvblkkYXJjaGl2ZXLRBgdUcm9vdIABqAkKFRYXGyIjVSRudWxs0wsMDQ4RFFpOUy5vYmplY3RzV05TLmtleXNWJGNsYXNzog8QgASABqISE4ACgAOAB1lhbGlhc0RhdGFccmVsYXRpdmVQYXRo0hgNGRpXTlMuZGF0YU8RAfgAAAAAAfgAAgAADE1hY2ludG9zaCBIRAAAAAAAAAAAAAAAAAAAAMcsaM9IKwAAACzmBA9sZXZwYS1jZ28xMC5wZGYAAAAAAAAAAAAAAAAAAAAAAAAAAAAAAAAAAAAAAAAAAAAAAAAAAAAAAAAAAAAAAAAAEEqIx8U+wwAAAAAAAAAAAAIABAAACSAAAAAAAAAAAAAAAAAAAAAWZmxvdyBjb250ZXh0IHNlbnNpdGl2ZQAQAAgAAMcrzh8AAAARAAgAAMfEpBMAAAABABgALOYEACJzbQAakSIACAh8AAgIbwAAkY0AAgBjTWFjaW50b3NoIEhEOlVzZXJzOnJvY2t5c3VpOkRvY3VtZW50czpwYXBlcl9yZXZpZXc6UG9pbnRzLXRvOmZsb3cgY29udGV4dCBzZW5zaXRpdmU6bGV2cGEtY2dvMTAucGRmAAAOACAADwBsAGUAdgBwAGEALQBjAGcAbwAxADAALgBwAGQAZgAPABoADABNAGEAYwBpAG4AdABvAHMAaAAgAEgARAASAFZVc2Vycy9yb2NreXN1aS9Eb2N1bWVudHMvcGFwZXJfcmV2aWV3L1BvaW50cy10by9mbG93IGNvbnRleHQgc2Vuc2l0aXZlL2xldnBhLWNnbzEwLnBkZgATAAEvAAAVAAIAD///AACABdIcHR4fWCRjbGFzc2VzWiRjbGFzc25hbWWjHyAhXU5TTXV0YWJsZURhdGFWTlNEYXRhWE5TT2JqZWN0XxBDLi4vLi4vcGFwZXJfcmV2aWV3L1BvaW50cy10by9mbG93IGNvbnRleHQgc2Vuc2l0aXZlL2xldnBhLWNnbzEwLnBkZtIcHSQloiUhXE5TRGljdGlvbmFyeRIAAYagXxAPTlNLZXllZEFyY2hpdmVyAAgAEQAWAB8AKAAyADUAOgA8AEUASwBSAF0AZQBsAG8AcQBzAHYAeAB6AHwAhgCTAJgAoAKcAp4CowKsArcCuwLJAtAC2QMfAyQDJwM0AzkAAAAAAAACAQAAAAAAAAAoAAAAAAAAAAAAAAAAAAADSw==},
	Bdsk-File-2 = {YnBsaXN0MDDUAQIDBAUIJidUJHRvcFgkb2JqZWN0c1gkdmVyc2lvblkkYXJjaGl2ZXLRBgdUcm9vdIABqAkKFRYXGyIjVSRudWxs0wsMDQ4RFFpOUy5vYmplY3RzV05TLmtleXNWJGNsYXNzog8QgASABqISE4ACgAOAB1lhbGlhc0RhdGFccmVsYXRpdmVQYXRo0hgNGRpXTlMuZGF0YU8RAc4AAAAAAc4AAgAADE1hY2ludG9zaCBIRAAAAAAAAAAAAAAAAAAAAMcsaM9IKwAAACJzbRRjZ28xMC1Ib25ndGFvWXUucHB0eAAAAAAAAAAAAAAAAAAAAAAAAAAAAAAAAAAAAAAAAAAAAAAAAAAAAAAAAAAAKtJhyBSBM1BQVFhQUFQzAAIAAwAACSAAAAAAAAAAAAAAAAAAAAAJUG9pbnRzLXRvAAAQAAgAAMcrzh8AAAARAAgAAMgT9JMAAAABABQAInNtABqRIgAICHwACAhvAACRjQACAFFNYWNpbnRvc2ggSEQ6VXNlcnM6cm9ja3lzdWk6RG9jdW1lbnRzOnBhcGVyX3JldmlldzpQb2ludHMtdG86Y2dvMTAtSG9uZ3Rhb1l1LnBwdHgAAA4AKgAUAGMAZwBvADEAMAAtAEgAbwBuAGcAdABhAG8AWQB1AC4AcABwAHQAeAAPABoADABNAGEAYwBpAG4AdABvAHMAaAAgAEgARAASAERVc2Vycy9yb2NreXN1aS9Eb2N1bWVudHMvcGFwZXJfcmV2aWV3L1BvaW50cy10by9jZ28xMC1Ib25ndGFvWXUucHB0eAATAAEvAAAVAAIAD///AACABdIcHR4fWCRjbGFzc2VzWiRjbGFzc25hbWWjHyAhXU5TTXV0YWJsZURhdGFWTlNEYXRhWE5TT2JqZWN0XxAxLi4vLi4vcGFwZXJfcmV2aWV3L1BvaW50cy10by9jZ28xMC1Ib25ndGFvWXUucHB0eNIcHSQloiUhXE5TRGljdGlvbmFyeRIAAYagXxAPTlNLZXllZEFyY2hpdmVyAAgAEQAWAB8AKAAyADUAOgA8AEUASwBSAF0AZQBsAG8AcQBzAHYAeAB6AHwAhgCTAJgAoAJyAnQCeQKCAo0CkQKfAqYCrwLjAugC6wL4Av0AAAAAAAACAQAAAAAAAAAoAAAAAAAAAAAAAAAAAAADDw==}}

@conference{emami1994context,
	Author = {Emami, M. Ghiya, R. and Hendren,J.},
	Booktitle = {PLDI '94},
	Date-Added = {2012-08-14 16:14:52 +1000},
	Date-Modified = {2012-12-15 17:59:59 +1100},
	Pages = {242--256},
	Title = {{Context-sensitive interprocedural points-to analysis in presence of function pointers}},
	Bdsk-File-1 = {YnBsaXN0MDDUAQIDBAUIJidUJHRvcFgkb2JqZWN0c1gkdmVyc2lvblkkYXJjaGl2ZXLRBgdUcm9vdIABqAkKFRYXGyIjVSRudWxs0wsMDQ4RFFpOUy5vYmplY3RzV05TLmtleXNWJGNsYXNzog8QgASABqISE4ACgAOAB1lhbGlhc0RhdGFccmVsYXRpdmVQYXRo0hgNGRpXTlMuZGF0YU8RAvIAAAAAAvIAAgAADE1hY2ludG9zaCBIRAAAAAAAAAAAAAAAAAAAAMcsaM9IKwAAACzmBB9Db250ZXh0LVNlbnNpdGl2ZSBJbiMyQ0U0OUYucGRmAAAAAAAAAAAAAAAAAAAAAAAAAAAAAAAAAAAAAAAAAAAALOSfyBrKlQAAAAAAAAAAAAIABAAACSAAAAAAAAAAAAAAAAAAAAAWZmxvdyBjb250ZXh0IHNlbnNpdGl2ZQAQAAgAAMcrzh8AAAARAAgAAMgaPfUAAAABABgALOYEACJzbQAakSIACAh8AAgIbwAAkY0AAgBzTWFjaW50b3NoIEhEOlVzZXJzOnJvY2t5c3VpOkRvY3VtZW50czpwYXBlcl9yZXZpZXc6UG9pbnRzLXRvOmZsb3cgY29udGV4dCBzZW5zaXRpdmU6Q29udGV4dC1TZW5zaXRpdmUgSW4jMkNFNDlGLnBkZgAADgC8AF0AQwBvAG4AdABlAHgAdAAtAFMAZQBuAHMAaQB0AGkAdgBlACAASQBuAHQAZQByAHAAcgBvAGMAZQBkAHUAcgBhAGwAIABQAG8AaQBuAHQAcwAtAHQAbwAgAEEAbgBhAGwAeQBzAGkAcwAgAGkAbgAgAHQAaABlACAAUAByAGUAcwBlAG4AYwBlACAAbwBmACAARgB1AG4AYwB0AGkAbwBuACAAUABvAGkAbgB0AGUAcgBzAC4AcABkAGYADwAaAAwATQBhAGMAaQBuAHQAbwBzAGgAIABIAEQAEgCkVXNlcnMvcm9ja3lzdWkvRG9jdW1lbnRzL3BhcGVyX3Jldmlldy9Qb2ludHMtdG8vZmxvdyBjb250ZXh0IHNlbnNpdGl2ZS9Db250ZXh0LVNlbnNpdGl2ZSBJbnRlcnByb2NlZHVyYWwgUG9pbnRzLXRvIEFuYWx5c2lzIGluIHRoZSBQcmVzZW5jZSBvZiBGdW5jdGlvbiBQb2ludGVycy5wZGYAEwABLwAAFQACAA///wAAgAXSHB0eH1gkY2xhc3Nlc1okY2xhc3NuYW1lox8gIV1OU011dGFibGVEYXRhVk5TRGF0YVhOU09iamVjdF8QkS4uLy4uL3BhcGVyX3Jldmlldy9Qb2ludHMtdG8vZmxvdyBjb250ZXh0IHNlbnNpdGl2ZS9Db250ZXh0LVNlbnNpdGl2ZSBJbnRlcnByb2NlZHVyYWwgUG9pbnRzLXRvIEFuYWx5c2lzIGluIHRoZSBQcmVzZW5jZSBvZiBGdW5jdGlvbiBQb2ludGVycy5wZGbSHB0kJaIlIVxOU0RpY3Rpb25hcnkSAAGGoF8QD05TS2V5ZWRBcmNoaXZlcgAIABEAFgAfACgAMgA1ADoAPABFAEsAUgBdAGUAbABvAHEAcwB2AHgAegB8AIYAkwCYAKADlgOYA50DpgOxA7UDwwPKA9MEZwRsBG8EfASBAAAAAAAAAgEAAAAAAAAAKAAAAAAAAAAAAAAAAAAABJM=}}

@article{wilson1995efficient,
	Author = {Wilson, R.P. and Lam, M.S.},
	Date-Added = {2012-08-14 16:13:51 +1000},
	Date-Modified = {2012-12-15 18:03:14 +1100},
	Journal = {PLDI '95},
	Pages = {1--12},
	Title = {{Efficient context-sensitive pointer analysis for C programs}},
	Bdsk-File-1 = {YnBsaXN0MDDUAQIDBAUIJidUJHRvcFgkb2JqZWN0c1gkdmVyc2lvblkkYXJjaGl2ZXLRBgdUcm9vdIABqAkKFRYXGyIjVSRudWxs0wsMDQ4RFFpOUy5vYmplY3RzV05TLmtleXNWJGNsYXNzog8QgASABqISE4ACgAOAB1lhbGlhc0RhdGFccmVsYXRpdmVQYXRo0hgNGRpXTlMuZGF0YU8RApgAAAAAApgAAgAADE1hY2ludG9zaCBIRAAAAAAAAAAAAAAAAAAAAMcsaM9IKwAAACzmBB9FZmZpY2llbnQgQ29udGV4dC1TZSMyQ0U0NTMucGRmAAAAAAAAAAAAAAAAAAAAAAAAAAAAAAAAAAAAAAAAAAAALORTyBrJSwAAAAAAAAAAAAIABAAACSAAAAAAAAAAAAAAAAAAAAAWZmxvdyBjb250ZXh0IHNlbnNpdGl2ZQAQAAgAAMcrzh8AAAARAAgAAMgaPKsAAAABABgALOYEACJzbQAakSIACAh8AAgIbwAAkY0AAgBzTWFjaW50b3NoIEhEOlVzZXJzOnJvY2t5c3VpOkRvY3VtZW50czpwYXBlcl9yZXZpZXc6UG9pbnRzLXRvOmZsb3cgY29udGV4dCBzZW5zaXRpdmU6RWZmaWNpZW50IENvbnRleHQtU2UjMkNFNDUzLnBkZgAADgCAAD8ARQBmAGYAaQBjAGkAZQBuAHQAIABDAG8AbgB0AGUAeAB0AC0AUwBlAG4AcwBpAHQAaQB2AGUAIABQAG8AaQBuAHQAZQByACAAQQBuAGEAbAB5AHMAaQBzACAAZgBvAHIAIABDACAAUAByAG8AZwByAGEAbQBzAC4AcABkAGYADwAaAAwATQBhAGMAaQBuAHQAbwBzAGgAIABIAEQAEgCGVXNlcnMvcm9ja3lzdWkvRG9jdW1lbnRzL3BhcGVyX3Jldmlldy9Qb2ludHMtdG8vZmxvdyBjb250ZXh0IHNlbnNpdGl2ZS9FZmZpY2llbnQgQ29udGV4dC1TZW5zaXRpdmUgUG9pbnRlciBBbmFseXNpcyBmb3IgQyBQcm9ncmFtcy5wZGYAEwABLwAAFQACAA///wAAgAXSHB0eH1gkY2xhc3Nlc1okY2xhc3NuYW1lox8gIV1OU011dGFibGVEYXRhVk5TRGF0YVhOU09iamVjdF8Qcy4uLy4uL3BhcGVyX3Jldmlldy9Qb2ludHMtdG8vZmxvdyBjb250ZXh0IHNlbnNpdGl2ZS9FZmZpY2llbnQgQ29udGV4dC1TZW5zaXRpdmUgUG9pbnRlciBBbmFseXNpcyBmb3IgQyBQcm9ncmFtcy5wZGbSHB0kJaIlIVxOU0RpY3Rpb25hcnkSAAGGoF8QD05TS2V5ZWRBcmNoaXZlcgAIABEAFgAfACgAMgA1ADoAPABFAEsAUgBdAGUAbABvAHEAcwB2AHgAegB8AIYAkwCYAKADPAM+A0MDTANXA1sDaQNwA3kD7wP0A/cEBAQJAAAAAAAAAgEAAAAAAAAAKAAAAAAAAAAAAAAAAAAABBs=},
	Bdsk-File-2 = {YnBsaXN0MDDUAQIDBAUIJidUJHRvcFgkb2JqZWN0c1gkdmVyc2lvblkkYXJjaGl2ZXLRBgdUcm9vdIABqAkKFRYXGyIjVSRudWxs0wsMDQ4RFFpOUy5vYmplY3RzV05TLmtleXNWJGNsYXNzog8QgASABqISE4ACgAOAB1lhbGlhc0RhdGFccmVsYXRpdmVQYXRo0hgNGRpXTlMuZGF0YU8RAc4AAAAAAc4AAgAADE1hY2ludG9zaCBIRAAAAAAAAAAAAAAAAAAAAMcsaM9IKwAAACJzbRRXaWxzb24gcGhkdGhlc2lzLnBkZgAAAAAAAAAAAAAAAAAAAAAAAAAAAAAAAAAAAAAAAAAAAAAAAAAAAAAAAAAAMgRpyCIJ5wAAAAAAAAAAAAIAAwAACSAAAAAAAAAAAAAAAAAAAAAJUG9pbnRzLXRvAAAQAAgAAMcrzh8AAAARAAgAAMghfUcAAAABABQAInNtABqRIgAICHwACAhvAACRjQACAFFNYWNpbnRvc2ggSEQ6VXNlcnM6cm9ja3lzdWk6RG9jdW1lbnRzOnBhcGVyX3JldmlldzpQb2ludHMtdG86V2lsc29uIHBoZHRoZXNpcy5wZGYAAA4AKgAUAFcAaQBsAHMAbwBuACAAcABoAGQAdABoAGUAcwBpAHMALgBwAGQAZgAPABoADABNAGEAYwBpAG4AdABvAHMAaAAgAEgARAASAERVc2Vycy9yb2NreXN1aS9Eb2N1bWVudHMvcGFwZXJfcmV2aWV3L1BvaW50cy10by9XaWxzb24gcGhkdGhlc2lzLnBkZgATAAEvAAAVAAIAD///AACABdIcHR4fWCRjbGFzc2VzWiRjbGFzc25hbWWjHyAhXU5TTXV0YWJsZURhdGFWTlNEYXRhWE5TT2JqZWN0XxAxLi4vLi4vcGFwZXJfcmV2aWV3L1BvaW50cy10by9XaWxzb24gcGhkdGhlc2lzLnBkZtIcHSQloiUhXE5TRGljdGlvbmFyeRIAAYagXxAPTlNLZXllZEFyY2hpdmVyAAgAEQAWAB8AKAAyADUAOgA8AEUASwBSAF0AZQBsAG8AcQBzAHYAeAB6AHwAhgCTAJgAoAJyAnQCeQKCAo0CkQKfAqYCrwLjAugC6wL4Av0AAAAAAAACAQAAAAAAAAAoAAAAAAAAAAAAAAAAAAADDw==}}

@article{liang2001efficient,
	Author = {Liang, D. and Harrold, M.},
	Date-Added = {2012-08-14 16:13:34 +1000},
	Date-Modified = {2012-12-15 18:04:03 +1100},
	Journal = {SAS '01},
	Pages = {279--298},
	Title = {{Efficient computation of parameterized pointer information for interprocedural analyses}},
	Bdsk-File-1 = {YnBsaXN0MDDUAQIDBAUIJidUJHRvcFgkb2JqZWN0c1gkdmVyc2lvblkkYXJjaGl2ZXLRBgdUcm9vdIABqAkKFRYXGyIjVSRudWxs0wsMDQ4RFFpOUy5vYmplY3RzV05TLmtleXNWJGNsYXNzog8QgASABqISE4ACgAOAB1lhbGlhc0RhdGFccmVsYXRpdmVQYXRo0hgNGRpXTlMuZGF0YU8RAuwAAAAAAuwAAgAADE1hY2ludG9zaCBIRAAAAAAAAAAAAAAAAAAAAMcsaM9IKwAAACzmBB9FZmZpY2llbnQgY29tcHV0YXRpIzE1NzU0OEQucGRmAAAAAAAAAAAAAAAAAAAAAAAAAAAAAAAAAAAAAAAAAAABV1SNyemi8AAAAAAAAAAAAAIABAAACSAAAAAAAAAAAAAAAAAAAAAWZmxvdyBjb250ZXh0IHNlbnNpdGl2ZQAQAAgAAMcrzh8AAAARAAgAAMnpFlAAAAABABgALOYEACJzbQAakSIACAh8AAgIbwAAkY0AAgBzTWFjaW50b3NoIEhEOlVzZXJzOnJvY2t5c3VpOkRvY3VtZW50czpwYXBlcl9yZXZpZXc6UG9pbnRzLXRvOmZsb3cgY29udGV4dCBzZW5zaXRpdmU6RWZmaWNpZW50IGNvbXB1dGF0aSMxNTc1NDhELnBkZgAADgC4AFsARQBmAGYAaQBjAGkAZQBuAHQAIABjAG8AbQBwAHUAdABhAHQAaQBvAG4AIABvAGYAIABwAGEAcgBhAG0AZQB0AGUAcgBpAHoAZQBkACAAcABvAGkAbgB0AGUAcgAgAGkAbgBmAG8AcgBtAGEAdABpAG8AbgAgAGYAbwByACAAaQBuAHQAZQByAHAAcgBvAGMAZQBkAHUAcgBhAGwAIABhAG4AYQBsAHkAcwBlAHMALgBwAGQAZgAPABoADABNAGEAYwBpAG4AdABvAHMAaAAgAEgARAASAKJVc2Vycy9yb2NreXN1aS9Eb2N1bWVudHMvcGFwZXJfcmV2aWV3L1BvaW50cy10by9mbG93IGNvbnRleHQgc2Vuc2l0aXZlL0VmZmljaWVudCBjb21wdXRhdGlvbiBvZiBwYXJhbWV0ZXJpemVkIHBvaW50ZXIgaW5mb3JtYXRpb24gZm9yIGludGVycHJvY2VkdXJhbCBhbmFseXNlcy5wZGYAEwABLwAAFQACAA///wAAgAXSHB0eH1gkY2xhc3Nlc1okY2xhc3NuYW1lox8gIV1OU011dGFibGVEYXRhVk5TRGF0YVhOU09iamVjdF8Qjy4uLy4uL3BhcGVyX3Jldmlldy9Qb2ludHMtdG8vZmxvdyBjb250ZXh0IHNlbnNpdGl2ZS9FZmZpY2llbnQgY29tcHV0YXRpb24gb2YgcGFyYW1ldGVyaXplZCBwb2ludGVyIGluZm9ybWF0aW9uIGZvciBpbnRlcnByb2NlZHVyYWwgYW5hbHlzZXMucGRm0hwdJCWiJSFcTlNEaWN0aW9uYXJ5EgABhqBfEA9OU0tleWVkQXJjaGl2ZXIACAARABYAHwAoADIANQA6ADwARQBLAFIAXQBlAGwAbwBxAHMAdgB4AHoAfACGAJMAmACgA5ADkgOXA6ADqwOvA70DxAPNBF8EZARnBHQEeQAAAAAAAAIBAAAAAAAAACgAAAAAAAAAAAAAAAAAAASL}}

@inproceedings{xiao2011geometric,
	Author = {Xiao, X. and Zhang, C.},
	Booktitle = {ISSTA '11},
	Date-Added = {2012-08-14 16:13:10 +1000},
	Date-Modified = {2012-12-15 17:53:38 +1100},
	Pages = {188--198},
	Title = {Geometric encoding: forging the high performance context sensitive points-to analysis for {Java}},
	Bdsk-File-1 = {YnBsaXN0MDDUAQIDBAUIJidUJHRvcFgkb2JqZWN0c1gkdmVyc2lvblkkYXJjaGl2ZXLRBgdUcm9vdIABqAkKFRYXGyIjVSRudWxs0wsMDQ4RFFpOUy5vYmplY3RzV05TLmtleXNWJGNsYXNzog8QgASABqISE4ACgAOAB1lhbGlhc0RhdGFccmVsYXRpdmVQYXRo0hgNGRpXTlMuZGF0YU8RAdYAAAAAAdYAAgAADE1hY2ludG9zaCBIRAAAAAAAAAAAAAAAAAAAAMcsaM9IKwAAACJzbRZHZW9tZXRyaWNfZW5jb2RpbmcucGRmAAAAAAAAAAAAAAAAAAAAAAAAAAAAAAAAAAAAAAAAAAAAAAAAAAAAAAADb0aGyzx9owAAAAAAAAAAAAIAAwAACSAAAAAAAAAAAAAAAAAAAAAJUG9pbnRzLXRvAAAQAAgAAMcrzh8AAAARAAgAAMs74vMAAAABABQAInNtABqRIgAICHwACAhvAACRjQACAFNNYWNpbnRvc2ggSEQ6VXNlcnM6cm9ja3lzdWk6RG9jdW1lbnRzOnBhcGVyX3JldmlldzpQb2ludHMtdG86R2VvbWV0cmljX2VuY29kaW5nLnBkZgAADgAuABYARwBlAG8AbQBlAHQAcgBpAGMAXwBlAG4AYwBvAGQAaQBuAGcALgBwAGQAZgAPABoADABNAGEAYwBpAG4AdABvAHMAaAAgAEgARAASAEZVc2Vycy9yb2NreXN1aS9Eb2N1bWVudHMvcGFwZXJfcmV2aWV3L1BvaW50cy10by9HZW9tZXRyaWNfZW5jb2RpbmcucGRmABMAAS8AABUAAgAP//8AAIAF0hwdHh9YJGNsYXNzZXNaJGNsYXNzbmFtZaMfICFdTlNNdXRhYmxlRGF0YVZOU0RhdGFYTlNPYmplY3RfEDMuLi8uLi9wYXBlcl9yZXZpZXcvUG9pbnRzLXRvL0dlb21ldHJpY19lbmNvZGluZy5wZGbSHB0kJaIlIVxOU0RpY3Rpb25hcnkSAAGGoF8QD05TS2V5ZWRBcmNoaXZlcgAIABEAFgAfACgAMgA1ADoAPABFAEsAUgBdAGUAbABvAHEAcwB2AHgAegB8AIYAkwCYAKACegJ8AoECigKVApkCpwKuArcC7QLyAvUDAgMHAAAAAAAAAgEAAAAAAAAAKAAAAAAAAAAAAAAAAAAAAxk=}}

@article{hind2000pointer,
	Author = {Hind, M. and Pioli, A.},
	Date-Added = {2012-08-14 16:10:18 +1000},
	Date-Modified = {2012-08-14 16:10:18 +1000},
	Journal = {ACM SIGSOFT Software Engineering Notes},
	Number = {5},
	Pages = {123},
	Publisher = {ACM},
	Title = {{Which pointer analysis should I use?}},
	Volume = {25},
	Year = {2000},
	Bdsk-File-1 = {YnBsaXN0MDDUAQIDBAUIJidUJHRvcFgkb2JqZWN0c1gkdmVyc2lvblkkYXJjaGl2ZXLRBgdUcm9vdIABqAkKFRYXGyIjVSRudWxs0wsMDQ4RFFpOUy5vYmplY3RzV05TLmtleXNWJGNsYXNzog8QgASABqISE4ACgAOAB1lhbGlhc0RhdGFccmVsYXRpdmVQYXRo0hgNGRpXTlMuZGF0YU8RAhIAAAAAAhIAAgAADE1hY2ludG9zaCBIRAAAAAAAAAAAAAAAAAAAAMcsaM9IKwAAACJzbR9XaGljaCBwb2ludGVyIGFuYWx5cyM1NzEyNEQucGRmAAAAAAAAAAAAAAAAAAAAAAAAAAAAAAAAAAAAAAAAAAAAVxJNyGeszQAAAAAAAAAAAAIAAwAACSAAAAAAAAAAAAAAAAAAAAAJUG9pbnRzLXRvAAAQAAgAAMcrzh8AAAARAAgAAMhnIC0AAAABABQAInNtABqRIgAICHwACAhvAACRjQACAFxNYWNpbnRvc2ggSEQ6VXNlcnM6cm9ja3lzdWk6RG9jdW1lbnRzOnBhcGVyX3JldmlldzpQb2ludHMtdG86V2hpY2ggcG9pbnRlciBhbmFseXMjNTcxMjRELnBkZgAOAFAAJwBXAGgAaQBjAGgAIABwAG8AaQBuAHQAZQByACAAYQBuAGEAbAB5AHMAaQBzACAAcwBoAG8AdQBsAGQAIABJACAAdQBzAGUALgBwAGQAZgAPABoADABNAGEAYwBpAG4AdABvAHMAaAAgAEgARAASAFdVc2Vycy9yb2NreXN1aS9Eb2N1bWVudHMvcGFwZXJfcmV2aWV3L1BvaW50cy10by9XaGljaCBwb2ludGVyIGFuYWx5c2lzIHNob3VsZCBJIHVzZS5wZGYAABMAAS8AABUAAgAP//8AAIAF0hwdHh9YJGNsYXNzZXNaJGNsYXNzbmFtZaMfICFdTlNNdXRhYmxlRGF0YVZOU0RhdGFYTlNPYmplY3RfEEQuLi8uLi9wYXBlcl9yZXZpZXcvUG9pbnRzLXRvL1doaWNoIHBvaW50ZXIgYW5hbHlzaXMgc2hvdWxkIEkgdXNlLnBkZtIcHSQloiUhXE5TRGljdGlvbmFyeRIAAYagXxAPTlNLZXllZEFyY2hpdmVyAAgAEQAWAB8AKAAyADUAOgA8AEUASwBSAF0AZQBsAG8AcQBzAHYAeAB6AHwAhgCTAJgAoAK2ArgCvQLGAtEC1QLjAuoC8wM6Az8DQgNPA1QAAAAAAAACAQAAAAAAAAAoAAAAAAAAAAAAAAAAAAADZg==}}

@conference{rupesh2011,
	Author = {Rupesh Nasre, R.Govindarajan},
	Booktitle = {CGO '11},
	Date-Added = {2012-08-13 15:24:48 +1000},
	Date-Modified = {2012-12-15 17:49:50 +1100},
	Pages = {267--276},
	Title = {Prioritizing Constraint Evaluation for Efficient Points-to Analysis}}

@article{nystrom2004bottom,
	Author = {Nystrom, E.M. and Kim, H.S. and Hwu, W.W.},
	Date-Added = {2012-08-13 15:23:07 +1000},
	Date-Modified = {2012-12-15 18:01:49 +1100},
	Journal = {SAS '04},
	Pages = {165--180},
	Title = {{Bottom-up and top-down context-sensitive summary-based pointer analysis}},
	Bdsk-File-1 = {YnBsaXN0MDDUAQIDBAUIJidUJHRvcFgkb2JqZWN0c1gkdmVyc2lvblkkYXJjaGl2ZXLRBgdUcm9vdIABqAkKFRYXGyIjVSRudWxs0wsMDQ4RFFpOUy5vYmplY3RzV05TLmtleXNWJGNsYXNzog8QgASABqISE4ACgAOAB1lhbGlhc0RhdGFccmVsYXRpdmVQYXRo0hgNGRpXTlMuZGF0YU8RArwAAAAAArwAAgAADE1hY2ludG9zaCBIRAAAAAAAAAAAAAAAAAAAAMcsaM9IKwAAACzmBB9Cb3R0b20tVXAgYW5kIFRvcC1EbyM0Q0VGMzQucGRmAAAAAAAAAAAAAAAAAAAAAAAAAAAAAAAAAAAAAAAAAAAATO80yFvieQAAAAAAAAAAAAIABAAACSAAAAAAAAAAAAAAAAAAAAAWZmxvdyBjb250ZXh0IHNlbnNpdGl2ZQAQAAgAAMcrzh8AAAARAAgAAMhbVdkAAAABABgALOYEACJzbQAakSIACAh8AAgIbwAAkY0AAgBzTWFjaW50b3NoIEhEOlVzZXJzOnJvY2t5c3VpOkRvY3VtZW50czpwYXBlcl9yZXZpZXc6UG9pbnRzLXRvOmZsb3cgY29udGV4dCBzZW5zaXRpdmU6Qm90dG9tLVVwIGFuZCBUb3AtRG8jNENFRjM0LnBkZgAADgCYAEsAQgBvAHQAdABvAG0ALQBVAHAAIABhAG4AZAAgAFQAbwBwAC0ARABvAHcAbgAgAEMAbwBuAHQAZQB4AHQALQBTAGUAbgBzAGkAdABpAHYAZQAgAFMAdQBtAG0AYQByAHkALQBCAGEAcwBlAGQAIABQAG8AaQBuAHQAZQByACAAQQBuAGEAbAB5AHMAaQBzAC4AcABkAGYADwAaAAwATQBhAGMAaQBuAHQAbwBzAGgAIABIAEQAEgCSVXNlcnMvcm9ja3lzdWkvRG9jdW1lbnRzL3BhcGVyX3Jldmlldy9Qb2ludHMtdG8vZmxvdyBjb250ZXh0IHNlbnNpdGl2ZS9Cb3R0b20tVXAgYW5kIFRvcC1Eb3duIENvbnRleHQtU2Vuc2l0aXZlIFN1bW1hcnktQmFzZWQgUG9pbnRlciBBbmFseXNpcy5wZGYAEwABLwAAFQACAA///wAAgAXSHB0eH1gkY2xhc3Nlc1okY2xhc3NuYW1lox8gIV1OU011dGFibGVEYXRhVk5TRGF0YVhOU09iamVjdF8Qfy4uLy4uL3BhcGVyX3Jldmlldy9Qb2ludHMtdG8vZmxvdyBjb250ZXh0IHNlbnNpdGl2ZS9Cb3R0b20tVXAgYW5kIFRvcC1Eb3duIENvbnRleHQtU2Vuc2l0aXZlIFN1bW1hcnktQmFzZWQgUG9pbnRlciBBbmFseXNpcy5wZGbSHB0kJaIlIVxOU0RpY3Rpb25hcnkSAAGGoF8QD05TS2V5ZWRBcmNoaXZlcgAIABEAFgAfACgAMgA1ADoAPABFAEsAUgBdAGUAbABvAHEAcwB2AHgAegB8AIYAkwCYAKADYANiA2cDcAN7A38DjQOUA50EHwQkBCcENAQ5AAAAAAAAAgEAAAAAAAAAKAAAAAAAAAAAAAAAAAAABEs=}}

@conference{whaley2004cloning,
	Author = {Whaley, J. and Lam, M.S.},
	Booktitle = {PLDI '04},
	Date-Added = {2012-08-13 15:12:33 +1000},
	Date-Modified = {2012-12-15 18:01:15 +1100},
	Pages = {131--144},
	Title = {{Cloning-based context-sensitive pointer alias analysis using binary decision diagrams}},
	Bdsk-File-1 = {YnBsaXN0MDDUAQIDBAUIJidUJHRvcFgkb2JqZWN0c1gkdmVyc2lvblkkYXJjaGl2ZXLRBgdUcm9vdIABqAkKFRYXGyIjVSRudWxs0wsMDQ4RFFpOUy5vYmplY3RzV05TLmtleXNWJGNsYXNzog8QgASABqISE4ACgAOAB1lhbGlhc0RhdGFccmVsYXRpdmVQYXRo0hgNGRpXTlMuZGF0YU8RAuYAAAAAAuYAAgAADE1hY2ludG9zaCBIRAAAAAAAAAAAAAAAAAAAAMcsaM9IKwAAACzmBB9DbG9uaW5nLUJhc2VkIENvbnRleCMyQ0U1MTYucGRmAAAAAAAAAAAAAAAAAAAAAAAAAAAAAAAAAAAAAAAAAAAALOUWyBrLXwAAAAAAAAAAAAIABAAACSAAAAAAAAAAAAAAAAAAAAAWZmxvdyBjb250ZXh0IHNlbnNpdGl2ZQAQAAgAAMcrzh8AAAARAAgAAMgaPr8AAAABABgALOYEACJzbQAakSIACAh8AAgIbwAAkY0AAgBzTWFjaW50b3NoIEhEOlVzZXJzOnJvY2t5c3VpOkRvY3VtZW50czpwYXBlcl9yZXZpZXc6UG9pbnRzLXRvOmZsb3cgY29udGV4dCBzZW5zaXRpdmU6Q2xvbmluZy1CYXNlZCBDb250ZXgjMkNFNTE2LnBkZgAADgC0AFkAQwBsAG8AbgBpAG4AZwAtAEIAYQBzAGUAZAAgAEMAbwBuAHQAZQB4AHQALQBTAGUAbgBzAGkAdABpAHYAZQAgAFAAbwBpAG4AdABlAHIAIABBAGwAaQBhAHMAIABBAG4AYQBsAHkAcwBpAHMAIABVAHMAaQBuAGcAIABCAGkAbgBhAHIAeQAgAEQAZQBjAGkAcwBpAG8AbgAgAEQAaQBhAGcAcgBhAG0AcwAuAHAAZABmAA8AGgAMAE0AYQBjAGkAbgB0AG8AcwBoACAASABEABIAoFVzZXJzL3JvY2t5c3VpL0RvY3VtZW50cy9wYXBlcl9yZXZpZXcvUG9pbnRzLXRvL2Zsb3cgY29udGV4dCBzZW5zaXRpdmUvQ2xvbmluZy1CYXNlZCBDb250ZXh0LVNlbnNpdGl2ZSBQb2ludGVyIEFsaWFzIEFuYWx5c2lzIFVzaW5nIEJpbmFyeSBEZWNpc2lvbiBEaWFncmFtcy5wZGYAEwABLwAAFQACAA///wAAgAXSHB0eH1gkY2xhc3Nlc1okY2xhc3NuYW1lox8gIV1OU011dGFibGVEYXRhVk5TRGF0YVhOU09iamVjdF8QjS4uLy4uL3BhcGVyX3Jldmlldy9Qb2ludHMtdG8vZmxvdyBjb250ZXh0IHNlbnNpdGl2ZS9DbG9uaW5nLUJhc2VkIENvbnRleHQtU2Vuc2l0aXZlIFBvaW50ZXIgQWxpYXMgQW5hbHlzaXMgVXNpbmcgQmluYXJ5IERlY2lzaW9uIERpYWdyYW1zLnBkZtIcHSQloiUhXE5TRGljdGlvbmFyeRIAAYagXxAPTlNLZXllZEFyY2hpdmVyAAgAEQAWAB8AKAAyADUAOgA8AEUASwBSAF0AZQBsAG8AcQBzAHYAeAB6AHwAhgCTAJgAoAOKA4wDkQOaA6UDqQO3A74DxwRXBFwEXwRsBHEAAAAAAAACAQAAAAAAAAAoAAAAAAAAAAAAAAAAAAAEgw==}}

@phdthesis{nystrom2006fulcra,
	Author = {Nystrom, E.M.},
	Date-Added = {2012-08-12 22:02:56 +1000},
	Date-Modified = {2012-08-12 22:02:56 +1000},
	School = {University of Illinois at Urbana-Champaign},
	Title = {{FULCRA pointer analysis framework}},
	Year = {2006},
	Bdsk-File-1 = {YnBsaXN0MDDUAQIDBAUIJidUJHRvcFgkb2JqZWN0c1gkdmVyc2lvblkkYXJjaGl2ZXLRBgdUcm9vdIABqAkKFRYXGyIjVSRudWxs0wsMDQ4RFFpOUy5vYmplY3RzV05TLmtleXNWJGNsYXNzog8QgASABqISE4ACgAOAB1lhbGlhc0RhdGFccmVsYXRpdmVQYXRo0hgNGRpXTlMuZGF0YU8RAeoAAAAAAeoAAgAADE1hY2ludG9zaCBIRAAAAAAAAAAAAAAAAAAAAMcsaM9IKwAAACJzbRtwaGQtdGhlc2lzLWVyaWstbnlzdHJvbS5wZGYAAAAAAAAAAAAAAAAAAAAAAAAAAAAAAAAAAAAAAAAAAAAAAAABOISqycJ9kgAAAAAAAAAAAAIAAwAACSAAAAAAAAAAAAAAAAAAAAAJUG9pbnRzLXRvAAAQAAgAAMcrzh8AAAARAAgAAMnB8PIAAAABABQAInNtABqRIgAICHwACAhvAACRjQACAFhNYWNpbnRvc2ggSEQ6VXNlcnM6cm9ja3lzdWk6RG9jdW1lbnRzOnBhcGVyX3JldmlldzpQb2ludHMtdG86cGhkLXRoZXNpcy1lcmlrLW55c3Ryb20ucGRmAA4AOAAbAHAAaABkAC0AdABoAGUAcwBpAHMALQBlAHIAaQBrAC0AbgB5AHMAdAByAG8AbQAuAHAAZABmAA8AGgAMAE0AYQBjAGkAbgB0AG8AcwBoACAASABEABIAS1VzZXJzL3JvY2t5c3VpL0RvY3VtZW50cy9wYXBlcl9yZXZpZXcvUG9pbnRzLXRvL3BoZC10aGVzaXMtZXJpay1ueXN0cm9tLnBkZgAAEwABLwAAFQACAA///wAAgAXSHB0eH1gkY2xhc3Nlc1okY2xhc3NuYW1lox8gIV1OU011dGFibGVEYXRhVk5TRGF0YVhOU09iamVjdF8QOC4uLy4uL3BhcGVyX3Jldmlldy9Qb2ludHMtdG8vcGhkLXRoZXNpcy1lcmlrLW55c3Ryb20ucGRm0hwdJCWiJSFcTlNEaWN0aW9uYXJ5EgABhqBfEA9OU0tleWVkQXJjaGl2ZXIACAARABYAHwAoADIANQA6ADwARQBLAFIAXQBlAGwAbwBxAHMAdgB4AHoAfACGAJMAmACgAo4CkAKVAp4CqQKtArsCwgLLAwYDCwMOAxsDIAAAAAAAAAIBAAAAAAAAACgAAAAAAAAAAAAAAAAAAAMy}}

@article{hardekopf2007exploiting,
	Author = {Hardekopf, B. and Lin, C.},
	Date-Added = {2012-08-12 21:59:32 +1000},
	Date-Modified = {2012-12-15 17:54:54 +1100},
	Journal = {SAS '07},
	Pages = {265--280},
	Title = {{Exploiting pointer and location equivalence to optimize pointer analysis}},
	Bdsk-File-1 = {YnBsaXN0MDDUAQIDBAUIJidUJHRvcFgkb2JqZWN0c1gkdmVyc2lvblkkYXJjaGl2ZXLRBgdUcm9vdIABqAkKFRYXGyIjVSRudWxs0wsMDQ4RFFpOUy5vYmplY3RzV05TLmtleXNWJGNsYXNzog8QgASABqISE4ACgAOAB1lhbGlhc0RhdGFccmVsYXRpdmVQYXRo0hgNGRpXTlMuZGF0YU8RAowAAAAAAowAAgAADE1hY2ludG9zaCBIRAAAAAAAAAAAAAAAAAAAAMcsaM9IKwAAAPqNph9FeHBsb2l0aW5nIFBvaW50ZXIgYSNGQTkyNTMucGRmAAAAAAAAAAAAAAAAAAAAAAAAAAAAAAAAAAAAAAAAAAAA+pJTyVKOugAAAAAAAAAAAAIAAwAACSAAAAAAAAAAAAAAAAAAAAANYnVnIGRldGVjdGlvbgAAEAAIAADHK84fAAAAEQAIAADJUfQKAAAAAQAUAPqNpgAakSIACAh8AAgIbwAAkY0AAgBgTWFjaW50b3NoIEhEOlVzZXJzOnJvY2t5c3VpOkRvY3VtZW50czpwYXBlcl9yZXZpZXc6YnVnIGRldGVjdGlvbjpFeHBsb2l0aW5nIFBvaW50ZXIgYSNGQTkyNTMucGRmAA4AmgBMAEUAeABwAGwAbwBpAHQAaQBuAGcAIABQAG8AaQBuAHQAZQByACAAYQBuAGQAIABMAG8AYwBhAHQAaQBvAG4AIABFAHEAdQBpAHYAYQBsAGUAbgBjAGUAIAB0AG8AIABPAHAAdABpAG0AaQB6AGUAIABQAG8AaQBuAHQAZQByACAAQQBuAGEAbAB5AHMAaQBzAC4AcABkAGYADwAaAAwATQBhAGMAaQBuAHQAbwBzAGgAIABIAEQAEgCAVXNlcnMvcm9ja3lzdWkvRG9jdW1lbnRzL3BhcGVyX3Jldmlldy9idWcgZGV0ZWN0aW9uL0V4cGxvaXRpbmcgUG9pbnRlciBhbmQgTG9jYXRpb24gRXF1aXZhbGVuY2UgdG8gT3B0aW1pemUgUG9pbnRlciBBbmFseXNpcy5wZGYAEwABLwAAFQACAA///wAAgAXSHB0eH1gkY2xhc3Nlc1okY2xhc3NuYW1lox8gIV1OU011dGFibGVEYXRhVk5TRGF0YVhOU09iamVjdF8QbS4uLy4uL3BhcGVyX3Jldmlldy9idWcgZGV0ZWN0aW9uL0V4cGxvaXRpbmcgUG9pbnRlciBhbmQgTG9jYXRpb24gRXF1aXZhbGVuY2UgdG8gT3B0aW1pemUgUG9pbnRlciBBbmFseXNpcy5wZGbSHB0kJaIlIVxOU0RpY3Rpb25hcnkSAAGGoF8QD05TS2V5ZWRBcmNoaXZlcgAIABEAFgAfACgAMgA1ADoAPABFAEsAUgBdAGUAbABvAHEAcwB2AHgAegB8AIYAkwCYAKADMAMyAzcDQANLA08DXQNkA20D3QPiA+UD8gP3AAAAAAAAAgEAAAAAAAAAKAAAAAAAAAAAAAAAAAAABAk=}}

@conference{hardekopf2007ant,
	Author = {Hardekopf, B. and Lin, C.},
	Booktitle = {PLDI '07},
	Date-Added = {2012-08-12 21:59:14 +1000},
	Date-Modified = {2012-12-15 17:47:48 +1100},
	Pages = {290--299},
	Title = {{The ant and the grasshopper: fast and accurate pointer analysis for millions of lines of code}},
	Bdsk-File-1 = {YnBsaXN0MDDUAQIDBAUIJidUJHRvcFgkb2JqZWN0c1gkdmVyc2lvblkkYXJjaGl2ZXLRBgdUcm9vdIABqAkKFRYXGyIjVSRudWxs0wsMDQ4RFFpOUy5vYmplY3RzV05TLmtleXNWJGNsYXNzog8QgASABqISE4ACgAOAB1lhbGlhc0RhdGFccmVsYXRpdmVQYXRo0hgNGRpXTlMuZGF0YU8RArwAAAAAArwAAgAADE1hY2ludG9zaCBIRAAAAAAAAAAAAAAAAAAAAMcsaM9IKwAAACJzbR9UaGUgQW50IGFuZCB0aGUgR3JhcyM4NzQ0RUEucGRmAAAAAAAAAAAAAAAAAAAAAAAAAAAAAAAAAAAAAAAAAAAAh0TqyOtuhQAAAAAAAAAAAAIAAwAACSAAAAAAAAAAAAAAAAAAAAAJUG9pbnRzLXRvAAAQAAgAAMcrzh8AAAARAAgAAMjq09UAAAABABQAInNtABqRIgAICHwACAhvAACRjQACAFxNYWNpbnRvc2ggSEQ6VXNlcnM6cm9ja3lzdWk6RG9jdW1lbnRzOnBhcGVyX3JldmlldzpQb2ludHMtdG86VGhlIEFudCBhbmQgdGhlIEdyYXMjODc0NEVBLnBkZgAOAMIAYABUAGgAZQAgAEEAbgB0ACAAYQBuAGQAIAB0AGgAZQAgAEcAcgBhAHMAcwBoAG8AcABwAGUAcgAgAEYAYQBzAHQAIABhAG4AZAAgAEEAYwBjAHUAcgBhAHQAZQAgAFAAbwBpAG4AdABlAHIAIABBAG4AYQBsAHkAcwBpAHMAIABmAG8AcgAgAE0AaQBsAGwAaQBvAG4AcwAgAG8AZgAgAEwAaQBuAGUAcwAgAG8AZgAgAEMAbwBkAGUALgBwAGQAZgAPABoADABNAGEAYwBpAG4AdABvAHMAaAAgAEgARAASAJBVc2Vycy9yb2NreXN1aS9Eb2N1bWVudHMvcGFwZXJfcmV2aWV3L1BvaW50cy10by9UaGUgQW50IGFuZCB0aGUgR3Jhc3Nob3BwZXIgRmFzdCBhbmQgQWNjdXJhdGUgUG9pbnRlciBBbmFseXNpcyBmb3IgTWlsbGlvbnMgb2YgTGluZXMgb2YgQ29kZS5wZGYAEwABLwAAFQACAA///wAAgAXSHB0eH1gkY2xhc3Nlc1okY2xhc3NuYW1lox8gIV1OU011dGFibGVEYXRhVk5TRGF0YVhOU09iamVjdF8QfS4uLy4uL3BhcGVyX3Jldmlldy9Qb2ludHMtdG8vVGhlIEFudCBhbmQgdGhlIEdyYXNzaG9wcGVyIEZhc3QgYW5kIEFjY3VyYXRlIFBvaW50ZXIgQW5hbHlzaXMgZm9yIE1pbGxpb25zIG9mIExpbmVzIG9mIENvZGUucGRm0hwdJCWiJSFcTlNEaWN0aW9uYXJ5EgABhqBfEA9OU0tleWVkQXJjaGl2ZXIACAARABYAHwAoADIANQA6ADwARQBLAFIAXQBlAGwAbwBxAHMAdgB4AHoAfACGAJMAmACgA2ADYgNnA3ADewN/A40DlAOdBB0EIgQlBDIENwAAAAAAAAIBAAAAAAAAACgAAAAAAAAAAAAAAAAAAARJ}}

@article{Sridharan:2006,
	Address = {New York, NY, USA},
	Author = {Sridharan, Manu and Bod\'{\i}k, Rastislav},
	Date-Added = {2012-07-30 16:55:17 +1000},
	Date-Modified = {2012-12-15 17:49:29 +1100},
	Journal = {PLDI '06},
	Pages = {387--400},
	Title = {Refinement-based context-sensitive points-to analysis for Java},
	Bdsk-File-1 = {YnBsaXN0MDDUAQIDBAUIJidUJHRvcFgkb2JqZWN0c1gkdmVyc2lvblkkYXJjaGl2ZXLRBgdUcm9vdIABqAkKFRYXGyIjVSRudWxs0wsMDQ4RFFpOUy5vYmplY3RzV05TLmtleXNWJGNsYXNzog8QgASABqISE4ACgAOAB1lhbGlhc0RhdGFccmVsYXRpdmVQYXRo0hgNGRpXTlMuZGF0YU8RAnIAAAAAAnIAAgAADE1hY2ludG9zaCBIRAAAAAAAAAAAAAAAAAAAAMcsaM9IKwAAABw6+x9SZWZpbmVtZW50LUJhc2VkIENvbiMxQjRGNEQucGRmAAAAAAAAAAAAAAAAAAAAAAAAAAAAAAAAAAAAAAAAAAAAG09Nx90HhAAAAAAAAAAAAAIAAwAACSAAAAAAAAAAAAAAAAAAAAAOZGVtYW5ko61kcml2ZW4AEAAIAADHK84fAAAAEQAIAADH3GzUAAAAAQAUABw6+wAakSIACAh8AAgIbwAAkY0AAgBhTWFjaW50b3NoIEhEOlVzZXJzOnJvY2t5c3VpOkRvY3VtZW50czpwYXBlcl9yZXZpZXc6ZGVtYW5ko61kcml2ZW46UmVmaW5lbWVudC1CYXNlZCBDb24jMUI0RjRELnBkZgAADgCGAEIAUgBlAGYAaQBuAGUAbQBlAG4AdAAtAEIAYQBzAGUAZAAgAEMAbwBuAHQAZQB4AHQALQBTAGUAbgBzAGkAdABpAHYAZQAgAFAAbwBpAG4AdABzAC0AVABvACAAQQBuAGEAbAB5AHMAaQBzACAAZgBvAHIAIABKAGEAdgBhAC4AcABkAGYADwAaAAwATQBhAGMAaQBuAHQAbwBzAGgAIABIAEQAEgB4VXNlcnMvcm9ja3lzdWkvRG9jdW1lbnRzL3BhcGVyX3Jldmlldy9kZW1hbmTvvI1kcml2ZW4vUmVmaW5lbWVudC1CYXNlZCBDb250ZXh0LVNlbnNpdGl2ZSBQb2ludHMtVG8gQW5hbHlzaXMgZm9yIEphdmEucGRmABMAAS8AABUAAgAP//8AAIAF0hwdHh9YJGNsYXNzZXNaJGNsYXNzbmFtZaMfICFdTlNNdXRhYmxlRGF0YVZOU0RhdGFYTlNPYmplY3RvEGMALgAuAC8ALgAuAC8AcABhAHAAZQByAF8AcgBlAHYAaQBlAHcALwBkAGUAbQBhAG4AZP8NAGQAcgBpAHYAZQBuAC8AUgBlAGYAaQBuAGUAbQBlAG4AdAAtAEIAYQBzAGUAZAAgAEMAbwBuAHQAZQB4AHQALQBTAGUAbgBzAGkAdABpAHYAZQAgAFAAbwBpAG4AdABzAC0AVABvACAAQQBuAGEAbAB5AHMAaQBzACAAZgBvAHIAIABKAGEAdgBhAC4AcABkAGbSHB0kJaIlIVxOU0RpY3Rpb25hcnkSAAGGoF8QD05TS2V5ZWRBcmNoaXZlcgAIABEAFgAfACgAMgA1ADoAPABFAEsAUgBdAGUAbABvAHEAcwB2AHgAegB8AIYAkwCYAKADFgMYAx0DJgMxAzUDQwNKA1MEHAQhBCQEMQQ2AAAAAAAAAgEAAAAAAAAAKAAAAAAAAAAAAAAAAAAABEg=},
	Bdsk-Url-1 = {http://doi.acm.org/10.1145/1133255.1134027}}

@inproceedings{lhotk,
	Author = {lhot{\'a}k, O.},
	Booktitle = {CC '06},
	Date-Added = {2012-07-30 16:50:06 +1000},
	Date-Modified = {2012-12-15 18:05:52 +1100},
	Pages = {47--64},
	Title = {Context-sensitive points-to analysis: is it worth it?},
	Bdsk-File-1 = {YnBsaXN0MDDUAQIDBAUIJidUJHRvcFgkb2JqZWN0c1gkdmVyc2lvblkkYXJjaGl2ZXLRBgdUcm9vdIABqAkKFRYXGyIjVSRudWxs0wsMDQ4RFFpOUy5vYmplY3RzV05TLmtleXNWJGNsYXNzog8QgASABqISE4ACgAOAB1lhbGlhc0RhdGFccmVsYXRpdmVQYXRo0hgNGRpXTlMuZGF0YU8RAoAAAAAAAoAAAgAADE1hY2ludG9zaCBIRAAAAAAAAAAAAAAAAAAAAMcsaM9IKwAAAB3C5h9Db250ZXh0LVNlbnNpdGl2ZSBQbyMxREMyNkEucGRmAAAAAAAAAAAAAAAAAAAAAAAAAAAAAAAAAAAAAAAAAAAAHcJqx+qQ9QAAAAAAAAAAAAIAAwAACSAAAAAAAAAAAAAAAAAAAAAeY29udGV4dCBhbmQgb2JqZWN0IHNlbnNpdGl2aXR5ABAACAAAxyvOHwAAABEACAAAx+oEVQAAAAEAFAAdwuYAGpEiAAgIfAAICG8AAJGNAAIAcU1hY2ludG9zaCBIRDpVc2Vyczpyb2NreXN1aTpEb2N1bWVudHM6cGFwZXJfcmV2aWV3OmNvbnRleHQgYW5kIG9iamVjdCBzZW5zaXRpdml0eTpDb250ZXh0LVNlbnNpdGl2ZSBQbyMxREMyNkEucGRmAAAOAHAANwBDAG8AbgB0AGUAeAB0AC0AUwBlAG4AcwBpAHQAaQB2AGUAIABQAG8AaQBuAHQAcwAtAHQAbwAgAEEAbgBhAGwAeQBzAGkAcwAgAEkAcwAgAEkAdAAgAFcAbwByAHQAaAAgAEkAdAAuAHAAZABmAA8AGgAMAE0AYQBjAGkAbgB0AG8AcwBoACAASABEABIAfFVzZXJzL3JvY2t5c3VpL0RvY3VtZW50cy9wYXBlcl9yZXZpZXcvY29udGV4dCBhbmQgb2JqZWN0IHNlbnNpdGl2aXR5L0NvbnRleHQtU2Vuc2l0aXZlIFBvaW50cy10byBBbmFseXNpcyBJcyBJdCBXb3J0aCBJdC5wZGYAEwABLwAAFQACAA///wAAgAXSHB0eH1gkY2xhc3Nlc1okY2xhc3NuYW1lox8gIV1OU011dGFibGVEYXRhVk5TRGF0YVhOU09iamVjdF8QaS4uLy4uL3BhcGVyX3Jldmlldy9jb250ZXh0IGFuZCBvYmplY3Qgc2Vuc2l0aXZpdHkvQ29udGV4dC1TZW5zaXRpdmUgUG9pbnRzLXRvIEFuYWx5c2lzIElzIEl0IFdvcnRoIEl0LnBkZtIcHSQloiUhXE5TRGljdGlvbmFyeRIAAYagXxAPTlNLZXllZEFyY2hpdmVyAAgAEQAWAB8AKAAyADUAOgA8AEUASwBSAF0AZQBsAG8AcQBzAHYAeAB6AHwAhgCTAJgAoAMkAyYDKwM0Az8DQwNRA1gDYQPNA9ID1QPiA+cAAAAAAAACAQAAAAAAAAAoAAAAAAAAAAAAAAAAAAAD+Q==}}

@article{chugh2008dataflow,
	Author = {Chugh, R. and Voung, J.W. and Jhala, R. and Lerner, S.},
	Date-Added = {2012-07-27 16:46:05 +1000},
	Date-Modified = {2012-07-27 16:46:05 +1000},
	Journal = {ACM SIGPLAN Notices},
	Number = {6},
	Pages = {316--326},
	Publisher = {ACM},
	Title = {Dataflow analysis for concurrent programs using datarace detection},
	Volume = {43},
	Year = {2008}}

@inproceedings{chowdhury2004limits,
	Author = {Chowdhury, R. and Djeu, P. and Cahoon, B. and Burrill, J. and McKinley, K.},
	Booktitle = {Compiler Construction},
	Date-Added = {2012-07-27 12:12:08 +1000},
	Date-Modified = {2012-07-27 12:12:08 +1000},
	Organization = {Springer},
	Pages = {2725--2726},
	Title = {The limits of alias analysis for scalar optimizations},
	Year = {2004},
	Bdsk-File-1 = {YnBsaXN0MDDUAQIDBAUIJidUJHRvcFgkb2JqZWN0c1gkdmVyc2lvblkkYXJjaGl2ZXLRBgdUcm9vdIABqAkKFRYXGyIjVSRudWxs0wsMDQ4RFFpOUy5vYmplY3RzV05TLmtleXNWJGNsYXNzog8QgASABqISE4ACgAOAB1lhbGlhc0RhdGFccmVsYXRpdmVQYXRo0hgNGRpXTlMuZGF0YU8RAkoAAAAAAkoAAgAADE1hY2ludG9zaCBIRAAAAAAAAAAAAAAAAAAAAMcsaM9IKwAAArS9fB9saW1pdHMgb2YgYWxpYXMgYW5hIzQ5MTg5Q0QucGRmAAAAAAAAAAAAAAAAAAAAAAAAAAAAAAAAAAAAAAAAAAAEkYnNzDg2HQAAAAAAAAAAAAIAAwAACSAAAAAAAAAAAAAAAAAAAAAOaGVhcCBzZW5zaXRpdmUAEAAIAADHK84fAAAAEQAIAADMN6l9AAAAAQAUArS9fAAakSIACAh8AAgIbwAAkY0AAgBhTWFjaW50b3NoIEhEOlVzZXJzOnJvY2t5c3VpOkRvY3VtZW50czpwYXBlcl9yZXZpZXc6aGVhcCBzZW5zaXRpdmU6bGltaXRzIG9mIGFsaWFzIGFuYSM0OTE4OUNELnBkZgAADgBsADUAbABpAG0AaQB0AHMAIABvAGYAIABhAGwAaQBhAHMAIABhAG4AYQBsAHkAcwBpAHMAIABmAG8AcgAgAHMAYwBhAGwAYQByACAAbwBwAHQAaQBtAGkAegBhAHQAaQBvAG4AcwAuAHAAZABmAA8AGgAMAE0AYQBjAGkAbgB0AG8AcwBoACAASABEABIAalVzZXJzL3JvY2t5c3VpL0RvY3VtZW50cy9wYXBlcl9yZXZpZXcvaGVhcCBzZW5zaXRpdmUvbGltaXRzIG9mIGFsaWFzIGFuYWx5c2lzIGZvciBzY2FsYXIgb3B0aW1pemF0aW9ucy5wZGYAEwABLwAAFQACAA///wAAgAXSHB0eH1gkY2xhc3Nlc1okY2xhc3NuYW1lox8gIV1OU011dGFibGVEYXRhVk5TRGF0YVhOU09iamVjdF8QVy4uLy4uL3BhcGVyX3Jldmlldy9oZWFwIHNlbnNpdGl2ZS9saW1pdHMgb2YgYWxpYXMgYW5hbHlzaXMgZm9yIHNjYWxhciBvcHRpbWl6YXRpb25zLnBkZtIcHSQloiUhXE5TRGljdGlvbmFyeRIAAYagXxAPTlNLZXllZEFyY2hpdmVyAAgAEQAWAB8AKAAyADUAOgA8AEUASwBSAF0AZQBsAG8AcQBzAHYAeAB6AHwAhgCTAJgAoALuAvAC9QL+AwkDDQMbAyIDKwOFA4oDjQOaA58AAAAAAAACAQAAAAAAAAAoAAAAAAAAAAAAAAAAAAADsQ==}}

@inproceedings{park2011evaluation,
	Author = {Park, E. and Kulkarni, S. and Cavazos, J.},
	Booktitle = {Proceedings of the 14th international conference on Compilers, architectures and synthesis for embedded systems},
	Date-Added = {2012-07-27 10:00:03 +1000},
	Date-Modified = {2012-07-27 10:00:03 +1000},
	Organization = {ACM},
	Pages = {65--74},
	Title = {An evaluation of different modeling techniques for iterative compilation},
	Year = {2011},
	Bdsk-File-1 = {YnBsaXN0MDDUAQIDBAUIJidUJHRvcFgkb2JqZWN0c1gkdmVyc2lvblkkYXJjaGl2ZXLRBgdUcm9vdIABqAkKFRYXGyIjVSRudWxs0wsMDQ4RFFpOUy5vYmplY3RzV05TLmtleXNWJGNsYXNzog8QgASABqISE4ACgAOAB1lhbGlhc0RhdGFccmVsYXRpdmVQYXRo0hgNGRpXTlMuZGF0YU8RAqQAAAAAAqQAAgAADE1hY2ludG9zaCBIRAAAAAAAAAAAAAAAAAAAAMcsaM9IKwAABJFZbR9BbiBFdmFsdWF0aW9uIG9mIERpIzQ5MTU1N0EucGRmAAAAAAAAAAAAAAAAAAAAAAAAAAAAAAAAAAAAAAAAAAAEkVV6zDgRhgAAAAAAAAAAAAIAAwAACSAAAAAAAAAAAAAAAAAAAAAVaXRlcmF0aXZlIGNvbXBpbGF0aW9uAAAQAAgAAMcrzh8AAAARAAgAAMw3hOYAAAABABQEkVltABqRIgAICHwACAhvAACRjQACAGhNYWNpbnRvc2ggSEQ6VXNlcnM6cm9ja3lzdWk6RG9jdW1lbnRzOnBhcGVyX3JldmlldzppdGVyYXRpdmUgY29tcGlsYXRpb246QW4gRXZhbHVhdGlvbiBvZiBEaSM0OTE1NTdBLnBkZgAOAJoATABBAG4AIABFAHYAYQBsAHUAYQB0AGkAbwBuACAAbwBmACAARABpAGYAZgBlAHIAZQBuAHQAIABNAG8AZABlAGwAaQBuAGcAIABUAGUAYwBoAG4AaQBxAHUAZQBzACAAZgBvAHIAIABJAHQAZQByAGEAdABpAHYAZQAgAEMAbwBtAHAAaQBsAGEAdABpAG8AbgAuAHAAZABmAA8AGgAMAE0AYQBjAGkAbgB0AG8AcwBoACAASABEABIAiFVzZXJzL3JvY2t5c3VpL0RvY3VtZW50cy9wYXBlcl9yZXZpZXcvaXRlcmF0aXZlIGNvbXBpbGF0aW9uL0FuIEV2YWx1YXRpb24gb2YgRGlmZmVyZW50IE1vZGVsaW5nIFRlY2huaXF1ZXMgZm9yIEl0ZXJhdGl2ZSBDb21waWxhdGlvbi5wZGYAEwABLwAAFQACAA///wAAgAXSHB0eH1gkY2xhc3Nlc1okY2xhc3NuYW1lox8gIV1OU011dGFibGVEYXRhVk5TRGF0YVhOU09iamVjdF8QdS4uLy4uL3BhcGVyX3Jldmlldy9pdGVyYXRpdmUgY29tcGlsYXRpb24vQW4gRXZhbHVhdGlvbiBvZiBEaWZmZXJlbnQgTW9kZWxpbmcgVGVjaG5pcXVlcyBmb3IgSXRlcmF0aXZlIENvbXBpbGF0aW9uLnBkZtIcHSQloiUhXE5TRGljdGlvbmFyeRIAAYagXxAPTlNLZXllZEFyY2hpdmVyAAgAEQAWAB8AKAAyADUAOgA8AEUASwBSAF0AZQBsAG8AcQBzAHYAeAB6AHwAhgCTAJgAoANIA0oDTwNYA2MDZwN1A3wDhQP9BAIEBQQSBBcAAAAAAAACAQAAAAAAAAAoAAAAAAAAAAAAAAAAAAAEKQ==}}

@article{FT10,
	Author = {Grigori Fursin and Olivier Temam},
	Date-Added = {2012-07-27 10:00:03 +1000},
	Date-Modified = {2012-12-15 18:00:56 +1100},
	Journal = {ACM Transactions on Architecture and Code Optimization (TACO)},
	Pages = {3369--3374},
	Title = {Collective Optimization},
	Year = {2010},
	Bdsk-File-1 = {YnBsaXN0MDDUAQIDBAUIJidUJHRvcFgkb2JqZWN0c1gkdmVyc2lvblkkYXJjaGl2ZXLRBgdUcm9vdIABqAkKFRYXGyIjVSRudWxs0wsMDQ4RFFpOUy5vYmplY3RzV05TLmtleXNWJGNsYXNzog8QgASABqISE4ACgAOAB1lhbGlhc0RhdGFccmVsYXRpdmVQYXRo0hgNGRpXTlMuZGF0YU8RAg4AAAAAAg4AAgAADE1hY2ludG9zaCBIRAAAAAAAAAAAAAAAAAAAAMcsaM9IKwAABJFZbRtDb2xsZWN0aXZlIE9wdGltaXphdGlvbi5wZGYAAAAAAAAAAAAAAAAAAAAAAAAAAAAAAAAAAAAAAAAAAAAAAAAEkVvdzDgVKAAAAAAAAAAAAAIAAwAACSAAAAAAAAAAAAAAAAAAAAAVaXRlcmF0aXZlIGNvbXBpbGF0aW9uAAAQAAgAAMcrzh8AAAARAAgAAMw3iIgAAAABABQEkVltABqRIgAICHwACAhvAACRjQACAGRNYWNpbnRvc2ggSEQ6VXNlcnM6cm9ja3lzdWk6RG9jdW1lbnRzOnBhcGVyX3JldmlldzppdGVyYXRpdmUgY29tcGlsYXRpb246Q29sbGVjdGl2ZSBPcHRpbWl6YXRpb24ucGRmAA4AOAAbAEMAbwBsAGwAZQBjAHQAaQB2AGUAIABPAHAAdABpAG0AaQB6AGEAdABpAG8AbgAuAHAAZABmAA8AGgAMAE0AYQBjAGkAbgB0AG8AcwBoACAASABEABIAV1VzZXJzL3JvY2t5c3VpL0RvY3VtZW50cy9wYXBlcl9yZXZpZXcvaXRlcmF0aXZlIGNvbXBpbGF0aW9uL0NvbGxlY3RpdmUgT3B0aW1pemF0aW9uLnBkZgAAEwABLwAAFQACAA///wAAgAXSHB0eH1gkY2xhc3Nlc1okY2xhc3NuYW1lox8gIV1OU011dGFibGVEYXRhVk5TRGF0YVhOU09iamVjdF8QRC4uLy4uL3BhcGVyX3Jldmlldy9pdGVyYXRpdmUgY29tcGlsYXRpb24vQ29sbGVjdGl2ZSBPcHRpbWl6YXRpb24ucGRm0hwdJCWiJSFcTlNEaWN0aW9uYXJ5EgABhqBfEA9OU0tleWVkQXJjaGl2ZXIACAARABYAHwAoADIANQA6ADwARQBLAFIAXQBlAGwAbwBxAHMAdgB4AHoAfACGAJMAmACgArICtAK5AsICzQLRAt8C5gLvAzYDOwM+A0sDUAAAAAAAAAIBAAAAAAAAACgAAAAAAAAAAAAAAAAAAANi}}

@article{CFETW12a,
	Author = {Yang Chen and Shuangde Fang and Lieven Eeckhout and Olivier Temam and Chengyong Wu},
	Date-Added = {2012-07-27 10:00:03 +1000},
	Date-Modified = {2012-12-15 17:59:33 +1100},
	Journal = {ACM Transactions on Architecture and Code Optimization (TACO)},
	Number = {3},
	Title = {Deconstructing Iterative Optimization},
	Volume = {9},
	Year = {2012}}

@inproceedings{CHEPFTW10,
	Author = {Yang Chen and Yuanjie Huang and Lieven Eeckhout and Liang Peng and Grigori Fursin and Olivier Temam and Chengyong Wu},
	Booktitle = {PLDI '10},
	Date-Added = {2012-07-27 10:00:03 +1000},
	Date-Modified = {2012-12-15 17:56:39 +1100},
	Pages = {448--459},
	Title = {Evaluating Iterative Optimization across 1000 Data Sets},
	Bdsk-File-1 = {YnBsaXN0MDDUAQIDBAUIJidUJHRvcFgkb2JqZWN0c1gkdmVyc2lvblkkYXJjaGl2ZXLRBgdUcm9vdIABqAkKFRYXGyIjVSRudWxs0wsMDQ4RFFpOUy5vYmplY3RzV05TLmtleXNWJGNsYXNzog8QgASABqISE4ACgAOAB1lhbGlhc0RhdGFccmVsYXRpdmVQYXRo0hgNGRpXTlMuZGF0YU8RAnIAAAAAAnIAAgAADE1hY2ludG9zaCBIRAAAAAAAAAAAAAAAAAAAAMcsaM9IKwAABJFZbR9FdmFsdWF0aW5nIEl0ZXJhdGl2IzQ5MTU4QzkucGRmAAAAAAAAAAAAAAAAAAAAAAAAAAAAAAAAAAAAAAAAAAAEkVjJzDgThQAAAAAAAAAAAAIAAwAACSAAAAAAAAAAAAAAAAAAAAAVaXRlcmF0aXZlIGNvbXBpbGF0aW9uAAAQAAgAAMcrzh8AAAARAAgAAMw3huUAAAABABQEkVltABqRIgAICHwACAhvAACRjQACAGhNYWNpbnRvc2ggSEQ6VXNlcnM6cm9ja3lzdWk6RG9jdW1lbnRzOnBhcGVyX3JldmlldzppdGVyYXRpdmUgY29tcGlsYXRpb246RXZhbHVhdGluZyBJdGVyYXRpdiM0OTE1OEM5LnBkZgAOAHgAOwBFAHYAYQBsAHUAYQB0AGkAbgBnACAASQB0AGUAcgBhAHQAaQB2AGUAIABPAHAAdABpAG0AaQB6AGEAdABpAG8AbgAgAEEAYwByAG8AcwBzACAAMQAwADAAMAAgAEQAYQB0AGEAIABTAGUAdABzAC4AcABkAGYADwAaAAwATQBhAGMAaQBuAHQAbwBzAGgAIABIAEQAEgB3VXNlcnMvcm9ja3lzdWkvRG9jdW1lbnRzL3BhcGVyX3Jldmlldy9pdGVyYXRpdmUgY29tcGlsYXRpb24vRXZhbHVhdGluZyBJdGVyYXRpdmUgT3B0aW1pemF0aW9uIEFjcm9zcyAxMDAwIERhdGEgU2V0cy5wZGYAABMAAS8AABUAAgAP//8AAIAF0hwdHh9YJGNsYXNzZXNaJGNsYXNzbmFtZaMfICFdTlNNdXRhYmxlRGF0YVZOU0RhdGFYTlNPYmplY3RfEGQuLi8uLi9wYXBlcl9yZXZpZXcvaXRlcmF0aXZlIGNvbXBpbGF0aW9uL0V2YWx1YXRpbmcgSXRlcmF0aXZlIE9wdGltaXphdGlvbiBBY3Jvc3MgMTAwMCBEYXRhIFNldHMucGRm0hwdJCWiJSFcTlNEaWN0aW9uYXJ5EgABhqBfEA9OU0tleWVkQXJjaGl2ZXIACAARABYAHwAoADIANQA6ADwARQBLAFIAXQBlAGwAbwBxAHMAdgB4AHoAfACGAJMAmACgAxYDGAMdAyYDMQM1A0MDSgNTA7oDvwPCA88D1AAAAAAAAAIBAAAAAAAAACgAAAAAAAAAAAAAAAAAAAPm}}

@inproceedings{CFETW12,
	Author = {Yang Chen and Shuangde Fang and Lieven Eeckhout and Olivier Temam and Chengyong Wu},
	Booktitle = {ACM/IEEE International Conference on Architectural Support for Programming Languages and Operating Systems (ASPLOS)},
	Date-Added = {2012-07-27 10:00:03 +1000},
	Date-Modified = {2012-12-15 17:52:32 +1100},
	Location = {London, UK},
	Month = {March},
	Pages = {49--60},
	Title = {Iterative Optimization for the Data Center},
	Year = {2012},
	Bdsk-File-1 = {YnBsaXN0MDDUAQIDBAUIJidUJHRvcFgkb2JqZWN0c1gkdmVyc2lvblkkYXJjaGl2ZXLRBgdUcm9vdIABqAkKFRYXGyIjVSRudWxs0wsMDQ4RFFpOUy5vYmplY3RzV05TLmtleXNWJGNsYXNzog8QgASABqISE4ACgAOAB1lhbGlhc0RhdGFccmVsYXRpdmVQYXRo0hgNGRpXTlMuZGF0YU8RAkoAAAAAAkoAAgAADE1hY2ludG9zaCBIRAAAAAAAAAAAAAAAAAAAAMcsaM9IKwAABJFZbR9JdGVyYXRpdmUgT3B0aW1pemF0IzQ5MTU3QzEucGRmAAAAAAAAAAAAAAAAAAAAAAAAAAAAAAAAAAAAAAAAAAAEkVfBzDgSYgAAAAAAAAAAAAIAAwAACSAAAAAAAAAAAAAAAAAAAAAVaXRlcmF0aXZlIGNvbXBpbGF0aW9uAAAQAAgAAMcrzh8AAAARAAgAAMw3hcIAAAABABQEkVltABqRIgAICHwACAhvAACRjQACAGhNYWNpbnRvc2ggSEQ6VXNlcnM6cm9ja3lzdWk6RG9jdW1lbnRzOnBhcGVyX3JldmlldzppdGVyYXRpdmUgY29tcGlsYXRpb246SXRlcmF0aXZlIE9wdGltaXphdCM0OTE1N0MxLnBkZgAOAF4ALgBJAHQAZQByAGEAdABpAHYAZQAgAE8AcAB0AGkAbQBpAHoAYQB0AGkAbwBuACAAZgBvAHIAIAB0AGgAZQAgAEQAYQB0AGEAIABDAGUAbgB0AGUAcgAuAHAAZABmAA8AGgAMAE0AYQBjAGkAbgB0AG8AcwBoACAASABEABIAalVzZXJzL3JvY2t5c3VpL0RvY3VtZW50cy9wYXBlcl9yZXZpZXcvaXRlcmF0aXZlIGNvbXBpbGF0aW9uL0l0ZXJhdGl2ZSBPcHRpbWl6YXRpb24gZm9yIHRoZSBEYXRhIENlbnRlci5wZGYAEwABLwAAFQACAA///wAAgAXSHB0eH1gkY2xhc3Nlc1okY2xhc3NuYW1lox8gIV1OU011dGFibGVEYXRhVk5TRGF0YVhOU09iamVjdF8QVy4uLy4uL3BhcGVyX3Jldmlldy9pdGVyYXRpdmUgY29tcGlsYXRpb24vSXRlcmF0aXZlIE9wdGltaXphdGlvbiBmb3IgdGhlIERhdGEgQ2VudGVyLnBkZtIcHSQloiUhXE5TRGljdGlvbmFyeRIAAYagXxAPTlNLZXllZEFyY2hpdmVyAAgAEQAWAB8AKAAyADUAOgA8AEUASwBSAF0AZQBsAG8AcQBzAHYAeAB6AHwAhgCTAJgAoALuAvAC9QL+AwkDDQMbAyIDKwOFA4oDjQOaA58AAAAAAAACAQAAAAAAAAAoAAAAAAAAAAAAAAAAAAADsQ==}}

@inproceedings{matosevic2012efficient,
	Author = {Matosevic, I. and Abdelrahman, T.S.},
	Booktitle = {CGO '12},
	Date-Added = {2012-07-27 09:58:21 +1000},
	Date-Modified = {2012-12-15 17:58:29 +1100},
	Pages = {252--263},
	Title = {Efficient bottom-up heap analysis for symbolic path-based data access summaries},
	Bdsk-File-1 = {YnBsaXN0MDDUAQIDBAUIJidUJHRvcFgkb2JqZWN0c1gkdmVyc2lvblkkYXJjaGl2ZXLRBgdUcm9vdIABqAkKFRYXGyIjVSRudWxs0wsMDQ4RFFpOUy5vYmplY3RzV05TLmtleXNWJGNsYXNzog8QgASABqISE4ACgAOAB1lhbGlhc0RhdGFccmVsYXRpdmVQYXRo0hgNGRpXTlMuZGF0YU8RAqQAAAAAAqQAAgAADE1hY2ludG9zaCBIRAAAAAAAAAAAAAAAAAAAAMcsaM9IKwAAArS9fB9FZmZpY2llbnQgYm90dG9tLXVwIzQ5MTYwNjgucGRmAAAAAAAAAAAAAAAAAAAAAAAAAAAAAAAAAAAAAAAAAAAEkWBozDgW0wAAAAAAAAAAAAIAAwAACSAAAAAAAAAAAAAAAAAAAAAOaGVhcCBzZW5zaXRpdmUAEAAIAADHK84fAAAAEQAIAADMN4ozAAAAAQAUArS9fAAakSIACAh8AAgIbwAAkY0AAgBhTWFjaW50b3NoIEhEOlVzZXJzOnJvY2t5c3VpOkRvY3VtZW50czpwYXBlcl9yZXZpZXc6aGVhcCBzZW5zaXRpdmU6RWZmaWNpZW50IGJvdHRvbS11cCM0OTE2MDY4LnBkZgAADgCoAFMARQBmAGYAaQBjAGkAZQBuAHQAIABiAG8AdAB0AG8AbQAtAHUAcAAgAGgAZQBhAHAAIABhAG4AYQBsAHkAcwBpAHMAIABmAG8AcgAgAHMAeQBtAGIAbwBsAGkAYwAgAHAAYQB0AGgALQBiAGEAcwBlAGQAIABkAGEAdABhACAAYQBjAGMAZQBzAHMAIABzAHUAbQBtAGEAcgBpAGUAcwAuAHAAZABmAA8AGgAMAE0AYQBjAGkAbgB0AG8AcwBoACAASABEABIAiFVzZXJzL3JvY2t5c3VpL0RvY3VtZW50cy9wYXBlcl9yZXZpZXcvaGVhcCBzZW5zaXRpdmUvRWZmaWNpZW50IGJvdHRvbS11cCBoZWFwIGFuYWx5c2lzIGZvciBzeW1ib2xpYyBwYXRoLWJhc2VkIGRhdGEgYWNjZXNzIHN1bW1hcmllcy5wZGYAEwABLwAAFQACAA///wAAgAXSHB0eH1gkY2xhc3Nlc1okY2xhc3NuYW1lox8gIV1OU011dGFibGVEYXRhVk5TRGF0YVhOU09iamVjdF8QdS4uLy4uL3BhcGVyX3Jldmlldy9oZWFwIHNlbnNpdGl2ZS9FZmZpY2llbnQgYm90dG9tLXVwIGhlYXAgYW5hbHlzaXMgZm9yIHN5bWJvbGljIHBhdGgtYmFzZWQgZGF0YSBhY2Nlc3Mgc3VtbWFyaWVzLnBkZtIcHSQloiUhXE5TRGljdGlvbmFyeRIAAYagXxAPTlNLZXllZEFyY2hpdmVyAAgAEQAWAB8AKAAyADUAOgA8AEUASwBSAF0AZQBsAG8AcQBzAHYAeAB6AHwAhgCTAJgAoANIA0oDTwNYA2MDZwN1A3wDhQP9BAIEBQQSBBcAAAAAAAACAQAAAAAAAAAoAAAAAAAAAAAAAAAAAAAEKQ==}}

@inproceedings{whaley1999compositional,
	Author = {Whaley, J. and Rinard, M.},
	Booktitle = {OOPSLA '99},
	Date-Added = {2011-09-28 17:42:20 +1000},
	Date-Modified = {2012-12-15 18:00:35 +1100},
	Journal = {OOPSLA '99},
	Number = {187--206},
	Title = {Compositional pointer and escape analysis for Java programs}}

@article{choi1999escape,
	Author = {Choi, J.D. and Gupta, M. and Serrano, M. and Sreedhar, V.C. and Midkiff, S.},
	Date-Added = {2011-09-28 17:41:43 +1000},
	Date-Modified = {2011-09-28 17:41:43 +1000},
	Journal = {ACM SIGPLAN Notices},
	Number = {10},
	Pages = {1--19},
	Publisher = {ACM},
	Title = {Escape analysis for Java},
	Volume = {34},
	Year = {1999}}

@inproceedings{gay2000fast,
	Author = {Gay, D. and Steensgaard, B.},
	Booktitle = {Compiler Construction},
	Date-Added = {2011-09-28 17:26:13 +1000},
	Date-Modified = {2011-09-28 17:26:13 +1000},
	Organization = {Springer},
	Pages = {82--93},
	Title = {Fast escape analysis and stack allocation for object-based programs},
	Year = {2000}}

@inproceedings{cherem2007uniqueness,
	Author = {Cherem, S. and Rugina, R.},
	Booktitle = {Proceedings of the 6th international symposium on Memory management},
	Date-Added = {2011-09-28 17:12:29 +1000},
	Date-Modified = {2011-09-28 17:12:29 +1000},
	Organization = {ACM},
	Pages = {117--128},
	Title = {Uniqueness inference for compile-time object deallocation},
	Year = {2007}}

@inproceedings{naeem2011faster,
	Author = {Naeem, N. and Lhot{\'a}k, O.},
	Booktitle = {Compiler Construction},
	Date-Added = {2011-09-28 17:12:02 +1000},
	Date-Modified = {2011-09-28 17:12:02 +1000},
	Organization = {Springer},
	Pages = {82--103},
	Title = {Faster alias set analysis using summaries},
	Year = {2011}}

@inproceedings{cherem2007practical,
	Author = {Cherem, S. and Rugina, R.},
	Booktitle = {Compiler Construction},
	Date-Added = {2011-09-28 16:57:20 +1000},
	Date-Modified = {2011-09-28 16:57:20 +1000},
	Organization = {Springer},
	Pages = {172--186},
	Title = {A practical escape and effect analysis for building lightweight method summaries},
	Year = {2007}}

@inproceedings{cheng2000modular,
	Author = {Cheng, B.C. and Hwu, W.M.W.},
	Booktitle = {ACM SIGPLAN Notices},
	Date-Added = {2011-09-22 16:54:36 +1000},
	Date-Modified = {2011-09-22 16:54:36 +1000},
	Number = {5},
	Organization = {ACM},
	Pages = {57--69},
	Title = {Modular interprocedural pointer analysis using access paths: design, implementation, and evaluation},
	Volume = {35},
	Year = {2000},
	Bdsk-File-1 = {YnBsaXN0MDDUAQIDBAUIJidUJHRvcFgkb2JqZWN0c1gkdmVyc2lvblkkYXJjaGl2ZXLRBgdUcm9vdIABqAkKFRYXGyIjVSRudWxs0wsMDQ4RFFpOUy5vYmplY3RzV05TLmtleXNWJGNsYXNzog8QgASABqISE4ACgAOAB1lhbGlhc0RhdGFccmVsYXRpdmVQYXRo0hgNGRpXTlMuZGF0YU8RAtgAAAAAAtgAAgAADE1hY2ludG9zaCBIRAAAAAAAAAAAAAAAAAAAAMcsaM9IKwAAArS9fB9Nb2R1bGFyIEludGVycHJvY2VkIzJCNEM0OEEucGRmAAAAAAAAAAAAAAAAAAAAAAAAAAAAAAAAAAAAAAAAAAACtMSKyqEYtAAAAAAAAAAAAAIAAwAACSAAAAAAAAAAAAAAAAAAAAAOaGVhcCBzZW5zaXRpdmUAEAAIAADHK84fAAAAEQAIAADKoIwUAAAAAQAUArS9fAAakSIACAh8AAgIbwAAkY0AAgBhTWFjaW50b3NoIEhEOlVzZXJzOnJvY2t5c3VpOkRvY3VtZW50czpwYXBlcl9yZXZpZXc6aGVhcCBzZW5zaXRpdmU6TW9kdWxhciBJbnRlcnByb2NlZCMyQjRDNDhBLnBkZgAADgDKAGQATQBvAGQAdQBsAGEAcgAgAEkAbgB0AGUAcgBwAHIAbwBjAGUAZAB1AHIAYQBsACAAUABvAGkAbgB0AGUAcgAgAEEAbgBhAGwAeQBzAGkAcwAgAFUAcwBpAG4AZwAgAEEAYwBjAGUAcwBzACAAUABhAHQAaABzACAARABlAHMAaQBnAG4AIABJAG0AcABsAGUAbQBlAG4AdABhAHQAaQBvAG4AIABhAG4AZAAgAEUAdgBhAGwAdQBhAHQAaQBvAG4ALgBwAGQAZgAPABoADABNAGEAYwBpAG4AdABvAHMAaAAgAEgARAASAJlVc2Vycy9yb2NreXN1aS9Eb2N1bWVudHMvcGFwZXJfcmV2aWV3L2hlYXAgc2Vuc2l0aXZlL01vZHVsYXIgSW50ZXJwcm9jZWR1cmFsIFBvaW50ZXIgQW5hbHlzaXMgVXNpbmcgQWNjZXNzIFBhdGhzIERlc2lnbiBJbXBsZW1lbnRhdGlvbiBhbmQgRXZhbHVhdGlvbi5wZGYAABMAAS8AABUAAgAP//8AAIAF0hwdHh9YJGNsYXNzZXNaJGNsYXNzbmFtZaMfICFdTlNNdXRhYmxlRGF0YVZOU0RhdGFYTlNPYmplY3RfEIYuLi8uLi9wYXBlcl9yZXZpZXcvaGVhcCBzZW5zaXRpdmUvTW9kdWxhciBJbnRlcnByb2NlZHVyYWwgUG9pbnRlciBBbmFseXNpcyBVc2luZyBBY2Nlc3MgUGF0aHMgRGVzaWduIEltcGxlbWVudGF0aW9uIGFuZCBFdmFsdWF0aW9uLnBkZtIcHSQloiUhXE5TRGljdGlvbmFyeRIAAYagXxAPTlNLZXllZEFyY2hpdmVyAAgAEQAWAB8AKAAyADUAOgA8AEUASwBSAF0AZQBsAG8AcQBzAHYAeAB6AHwAhgCTAJgAoAN8A34DgwOMA5cDmwOpA7ADuQRCBEcESgRXBFwAAAAAAAACAQAAAAAAAAAoAAAAAAAAAAAAAAAAAAAEbg==}}

@inproceedings{ghiya2001importance,
	Author = {Ghiya, R. and Lavery, D. and Sehr, D.},
	Booktitle = {ACM SIGPLAN Notices},
	Date-Added = {2011-09-22 16:45:54 +1000},
	Date-Modified = {2011-09-22 16:45:54 +1000},
	Number = {5},
	Organization = {ACM},
	Pages = {47--58},
	Title = {On the importance of points-to analysis and other memory disambiguation methods for C programs},
	Volume = {36},
	Year = {2001}}

@inproceedings{Shang12,
	Author = {Shang, Lei and Xie, Xinwei and Xue, Jingling},
	Booktitle = {CGO '12},
	Date-Modified = {2012-12-15 17:50:31 +1100},
	Keywords = {CFL reachability, demand-driven analysis, dynamic summary, points-to analysis},
	Pages = {264--274},
	Title = {On-demand dynamic summary-based points-to analysis}}

@inproceedings{nystrom2004importance,
	Author = {Nystrom, E.M. and Kim, H.S. and Hwu, W.W.},
	Booktitle = {PASTE '04},
	Date-Added = {2011-09-22 16:32:57 +1000},
	Date-Modified = {2012-12-15 17:52:51 +1100},
	Pages = {43--48},
	Title = {Importance of heap specialization in pointer analysis}}

@comment{BibDesk Static Groups{
<?xml version="1.0" encoding="UTF-8"?>
<!DOCTYPE plist PUBLIC "-//Apple//DTD PLIST 1.0//EN" "http://www.apple.com/DTDs/PropertyList-1.0.dtd">
<plist version="1.0">
<array>
	<dict>
		<key>group name</key>
		<string>iterative compilation</string>
		<key>keys</key>
		<string>CFETW12,FT10,CHEPFTW10,CFETW12a,park2011evaluation</string>
	</dict>
	<dict>
		<key>group name</key>
		<string>shape analysis</string>
		<key>keys</key>
		<string>calcagno2009compositional,gotsman2006interprocedural,yang2008scalable,gulwani2007computing,rinetzky2005interprocedural,podelski2008heap,sagiv2002parametric,hackett2005region,marron2008efficient,chang2008relational</string>
	</dict>
</array>
</plist>
}}
